Row ID,Order ID,Order Date,Date Key,Country,Region,Subregion,Customer,Customer ID,Industry,Segment,Product,License,Sales,Quantity,Discount,Profit
7981,APJ-2020-103800,1/4/2020,20200104,Japan,APJ,JAPN,Siemens,1043,Manufacturing,SMB,Support,730VUNTJF5,16.448,2,0.2,5.5512
740,APJ-2020-112326,1/5/2020,20200105,Australia,APJ,ANZ,CVS Health,1026,Retail,Enterprise,FinanceHub,XGQWR8K66V,11.784,3,0.2,4.2717
741,APJ-2020-112326,1/5/2020,20200105,Australia,APJ,ANZ,CVS Health,1026,Retail,Enterprise,Marketing Suite - Gold,54J2FWJY59,272.736,3,0.2,-64.7748
742,APJ-2020-112326,1/5/2020,20200105,Australia,APJ,ANZ,CVS Health,1026,Retail,Enterprise,ContactMatcher,K3HDHHY5YG,3.54,2,0.8,-5.487
1760,EMEA-2020-141817,1/6/2020,20200106,France,EMEA,EU-WEST,Mitsubishi,1050,Manufacturing,SMB,ChatBot Plugin,PGSY1LZQ71,19.536,3,0.2,4.884
5328,AMER-2020-130813,1/7/2020,20200107,United States,AMER,NAMER,ConocoPhillips,1024,Energy,SMB,Support,8O9MZEYB3W,19.44,3,0,9.3312
7181,EMEA-2020-106054,1/7/2020,20200107,Finland,EMEA,NOR,Exxon Mobil,1034,Energy,Strategic,ChatBot Plugin,QDXELHND9M,12.78,3,0,5.2398
7475,EMEA-2020-167199,1/7/2020,20200107,Ireland,EMEA,UKIR,Royal Dutch Shell,1031,Energy,Enterprise,FinanceHub,KXD6LC2EZB,2573.82,9,0,746.4078
7476,EMEA-2020-167199,1/7/2020,20200107,Ireland,EMEA,UKIR,Royal Dutch Shell,1031,Energy,Enterprise,ContactMatcher,51R6986TT4,609.98,2,0,274.491
7477,EMEA-2020-167199,1/7/2020,20200107,Ireland,EMEA,UKIR,Royal Dutch Shell,1031,Energy,Enterprise,ChatBot Plugin,KM6HF4I5BI,5.48,2,0,1.4796
7478,EMEA-2020-167199,1/7/2020,20200107,Ireland,EMEA,UKIR,Royal Dutch Shell,1031,Energy,Enterprise,Site Analytics,9HHLN9SY7S,391.98,2,0,113.6742
7479,EMEA-2020-167199,1/7/2020,20200107,Ireland,EMEA,UKIR,Royal Dutch Shell,1031,Energy,Enterprise,Site Analytics,6DT08CG4NM,755.96,4,0,204.1092
7480,EMEA-2020-167199,1/7/2020,20200107,Ireland,EMEA,UKIR,Royal Dutch Shell,1031,Energy,Enterprise,Storage,EL9IVQDQYK,31.12,4,0,0.3112
7481,EMEA-2020-167199,1/7/2020,20200107,Ireland,EMEA,UKIR,Royal Dutch Shell,1031,Energy,Enterprise,Support,J7233EJWT8,6.54,1,0,3.0084
7661,APJ-2020-105417,1/8/2020,20200108,Japan,APJ,JAPN,Nestle,1089,Consumer Products,SMB,SaaS Connector Pack,ULJE83ECK7,76.728,3,0.6,-53.7096
7662,APJ-2020-105417,1/8/2020,20200108,Japan,APJ,JAPN,Nestle,1089,Consumer Products,SMB,ContactMatcher,5MLMIPTGXP,10.43,7,0.8,-18.2525
593,APJ-2020-135405,1/10/2020,20200110,Japan,APJ,JAPN,Apple,1008,Tech,SMB,ChatBot Plugin,XZTQBCZOYF,9.344,2,0.2,1.168
594,APJ-2020-135405,1/10/2020,20200110,Japan,APJ,JAPN,Apple,1008,Tech,SMB,Data Smasher,MVSSSDP56F,31.2,3,0.2,9.75
866,EMEA-2020-149020,1/11/2020,20200111,Spain,EMEA,EU-WEST,Airbus,1030,Manufacturing,Strategic,FinanceHub,NI34HEJEB8,2.89,1,0,1.3583
867,EMEA-2020-149020,1/11/2020,20200111,Spain,EMEA,EU-WEST,Airbus,1030,Manufacturing,Strategic,SaaS Connector Pack,JUOKGBRY2J,51.94,1,0,21.2954
717,APJ-2020-130092,1/12/2020,20200112,Philippines,APJ,APAC,Wells Fargo,1099,Finance,SMB,SaaS Connector Pack,LOZTAYAQ03,9.94,2,0,3.0814
764,EMEA-2020-162775,1/14/2020,20200114,Czech Republic,EMEA,EU-EAST,Bosch,1076,Tech,Strategic,SaaS Connector Pack - Gold,75LIU26K7H,11.36,2,0,5.3392
765,EMEA-2020-162775,1/14/2020,20200114,Czech Republic,EMEA,EU-EAST,Bosch,1076,Tech,Strategic,SaaS Connector Pack - Gold,955XW8SASF,50.94,3,0,25.47
766,EMEA-2020-162775,1/14/2020,20200114,Czech Republic,EMEA,EU-EAST,Bosch,1076,Tech,Strategic,Data Smasher,SZ09O2NFTT,646.74,6,0,258.696
767,EMEA-2020-162775,1/14/2020,20200114,Czech Republic,EMEA,EU-EAST,Bosch,1076,Tech,Strategic,ContactMatcher,AGXOWY4XQ2,5.64,3,0,2.7072
768,EMEA-2020-162775,1/14/2020,20200114,Czech Republic,EMEA,EU-EAST,Bosch,1076,Tech,Strategic,Marketing Suite - Gold,IUBA4R9OS6,572.58,6,0,34.3548
2979,AMER-2020-109232,1/14/2020,20200114,Colombia,AMER,LATAM,Airbus,1030,Manufacturing,SMB,FinanceHub,E74RB0N8HB,545.94,6,0,87.3504
4938,AMER-2020-157147,1/14/2020,20200114,United States,AMER,NAMER,Amazon,1004,Tech,SMB,Marketing Suite - Gold,09IKCJITP5,1325.85,5,0,238.653
4939,AMER-2020-157147,1/14/2020,20200114,United States,AMER,NAMER,Amazon,1004,Tech,SMB,Marketing Suite,KTKCLYH9LD,333.999,3,0.15,3.9294
4940,AMER-2020-157147,1/14/2020,20200114,United States,AMER,NAMER,Amazon,1004,Tech,SMB,ChatBot Plugin,275E3721OX,19.9,5,0,6.567
9629,AMER-2020-118192,1/14/2020,20200114,Mexico,AMER,LATAM,Anthem,1029,Healthcare,SMB,Support,D4Z08RLOMC,37.408,7,0.2,13.0928
9630,AMER-2020-118192,1/14/2020,20200114,Mexico,AMER,LATAM,Anthem,1029,Healthcare,SMB,ContactMatcher,B7R2G3A150,3.438,2,0.7,-2.5212
6475,EMEA-2020-149524,1/15/2020,20200115,France,EMEA,EU-WEST,Morgan Stanley,1068,Finance,Strategic,Marketing Suite,J25TOFSQHP,61.96,4,0.5,-53.2856
1914,EMEA-2020-103366,1/16/2020,20200116,Finland,EMEA,NOR,Aviva,1006,Finance,SMB,Data Smasher,1HICPTZJYS,149.95,5,0,65.978
971,EMEA-2020-115791,1/17/2020,20200117,France,EMEA,EU-WEST,Goldman Sachs Group,1042,Finance,SMB,SaaS Connector Pack,1XXB2KOFXB,127.104,6,0.2,28.5984
972,EMEA-2020-115791,1/17/2020,20200117,France,EMEA,EU-WEST,Goldman Sachs Group,1042,Finance,SMB,Site Analytics,MS2AFAQE78,124.2,3,0.4,-31.05
973,EMEA-2020-115791,1/17/2020,20200117,France,EMEA,EU-WEST,Goldman Sachs Group,1042,Finance,SMB,ContactMatcher,614XJBPKMW,18.588,2,0.7,-13.6312
974,EMEA-2020-115791,1/17/2020,20200117,France,EMEA,EU-WEST,Goldman Sachs Group,1042,Finance,SMB,FinanceHub,GWV90CFUWQ,30.072,3,0.2,10.1493
5365,EMEA-2020-123477,1/19/2020,20200119,Belgium,EMEA,EU-WEST,Engie,1062,Energy,Strategic,OneView,NJHH6TLPLG,64.864,4,0.2,6.4864
5463,AMER-2020-146591,1/20/2020,20200120,Chile,AMER,LATAM,Pemex,1058,Energy,SMB,ContactMatcher,84MDWCC72V,32.34,10,0.7,-23.716
5464,AMER-2020-146591,1/20/2020,20200120,Chile,AMER,LATAM,Pemex,1058,Energy,SMB,Support,NC63MIK23I,56.064,4,0.2,19.6224
5465,AMER-2020-146591,1/20/2020,20200120,Chile,AMER,LATAM,Pemex,1058,Energy,SMB,SaaS Connector Pack - Gold,0WV94HERYR,108.72,5,0.2,36.693
5466,AMER-2020-146591,1/20/2020,20200120,Chile,AMER,LATAM,Pemex,1058,Energy,SMB,Marketing Suite,JSKJKZ2P6X,181.47,5,0.7,-320.597
1122,EMEA-2020-147627,1/21/2020,20200121,United Arab Emirates,EMEA,MEA,Lowes,1060,Retail,SMB,Site Analytics,YSPTDWBFPL,699.93,7,0,181.9818
1123,EMEA-2020-147627,1/21/2020,20200121,United Arab Emirates,EMEA,MEA,Lowes,1060,Retail,SMB,ChatBot Plugin,2ZDRLNR2FS,22.96,7,0,6.6584
1124,EMEA-2020-147627,1/21/2020,20200121,United Arab Emirates,EMEA,MEA,Lowes,1060,Retail,SMB,SaaS Connector Pack,84JMATCAFH,38.6,4,0,11.58
1125,EMEA-2020-147627,1/21/2020,20200121,United Arab Emirates,EMEA,MEA,Lowes,1060,Retail,SMB,ChatBot Plugin,S5C61WNYV2,6.63,3,0,1.7901
1126,EMEA-2020-147627,1/21/2020,20200121,United Arab Emirates,EMEA,MEA,Lowes,1060,Retail,SMB,SaaS Connector Pack - Gold,T23K8FQEOL,23.34,3,0,10.9698
1127,EMEA-2020-147627,1/21/2020,20200121,United Arab Emirates,EMEA,MEA,Lowes,1060,Retail,SMB,FinanceHub,45BYNMTGFK,1067.94,3,0,224.2674
5737,AMER-2020-148614,1/21/2020,20200121,United States,AMER,NAMER,Engie,1062,Energy,SMB,Support,9XMCW2WLJ7,19.36,2,0,9.2928
5738,AMER-2020-148614,1/21/2020,20200121,United States,AMER,NAMER,Engie,1062,Energy,SMB,SaaS Connector Pack,FMLJGT5NUK,19.3,2,0,5.79
6327,AMER-2020-167927,1/21/2020,20200121,Brazil,AMER,LATAM,Prudential Financial,1078,Finance,SMB,Marketing Suite - Gold,LV08U7DY48,13.98,1,0,4.0542
6328,AMER-2020-167927,1/21/2020,20200121,Brazil,AMER,LATAM,Prudential Financial,1078,Finance,SMB,SaaS Connector Pack,73IH1RM3PF,272.94,3,0,30.0234
6329,AMER-2020-167927,1/21/2020,20200121,Brazil,AMER,LATAM,Prudential Financial,1078,Finance,SMB,ContactMatcher,55ZGR3I1XY,19.05,5,0,8.9535
6330,AMER-2020-167927,1/21/2020,20200121,Brazil,AMER,LATAM,Prudential Financial,1078,Finance,SMB,OneView,Q6ZJSI93UD,247.716,4,0.1,93.5816
6331,AMER-2020-167927,1/21/2020,20200121,Brazil,AMER,LATAM,Prudential Financial,1078,Finance,SMB,Marketing Suite - Gold,80DYOPGGTZ,66.58,2,0,15.9792
6332,AMER-2020-167927,1/21/2020,20200121,Brazil,AMER,LATAM,Prudential Financial,1078,Finance,SMB,ChatBot Plugin,BVJNJB1FJR,43.92,3,0,12.7368
6333,AMER-2020-167927,1/21/2020,20200121,Brazil,AMER,LATAM,Prudential Financial,1078,Finance,SMB,SaaS Connector Pack,9MCLCS8HT4,14.73,3,0,4.8609
6334,AMER-2020-167927,1/21/2020,20200121,Brazil,AMER,LATAM,Prudential Financial,1078,Finance,SMB,ContactMatcher,QG49D3BQ8V,29.7,5,0,13.365
7121,EMEA-2020-147774,1/21/2020,20200121,South Africa,EMEA,MEA,Goldman Sachs Group,1042,Finance,Strategic,ContactMatcher,DK1SN12PC5,67.194,1,0.7,-51.5154
9990,EMEA-2020-110422,1/22/2020,20200122,Germany,EMEA,EU-WEST,Johnson & Johnson,1055,Healthcare,SMB,SaaS Connector Pack,ETHXMB5TMD,25.248,3,0.2,4.1028
9156,EMEA-2020-102645,1/24/2020,20200124,Israel,EMEA,EU-EAST,Huawei,1086,Tech,SMB,Support,XQ3VY7NGXZ,40.08,6,0,19.2384
9887,APJ-2020-146997,1/24/2020,20200124,India,APJ,IND,Nissan Motor,1098,Transportation,SMB,Storage,9XWX0LE7EB,5.94,3,0,0
2579,EMEA-2020-155502,1/27/2020,20200127,Spain,EMEA,EU-WEST,BMW,1039,Manufacturing,Enterprise,SaaS Connector Pack,RPCMHQ19IM,62.82,3,0,30.7818
2580,EMEA-2020-155502,1/27/2020,20200127,Spain,EMEA,EU-WEST,BMW,1039,Manufacturing,Enterprise,Marketing Suite - Gold,KREVYTRNHY,489.92,8,0,0
2581,EMEA-2020-155502,1/27/2020,20200127,Spain,EMEA,EU-WEST,BMW,1039,Manufacturing,Enterprise,Support,NX8BZE54P6,19.44,3,0,9.3312
2582,EMEA-2020-155502,1/27/2020,20200127,Spain,EMEA,EU-WEST,BMW,1039,Manufacturing,Enterprise,Support,4U1AF8EESL,16.68,2,0,8.34
2583,EMEA-2020-155502,1/27/2020,20200127,Spain,EMEA,EU-WEST,BMW,1039,Manufacturing,Enterprise,Site Analytics,U59FBLMQK1,155.35,13,0,0
2584,EMEA-2020-155502,1/27/2020,20200127,Spain,EMEA,EU-WEST,BMW,1039,Manufacturing,Enterprise,SaaS Connector Pack,GLIZW7IU98,12.42,3,0,4.4712
2585,EMEA-2020-155502,1/27/2020,20200127,Spain,EMEA,EU-WEST,BMW,1039,Manufacturing,Enterprise,Site Analytics,H9I7YE0GW6,187.98,2,0,52.6344
8150,EMEA-2020-167997,1/27/2020,20200127,Croatia,EMEA,EU-WEST,Siemens,1043,Manufacturing,Strategic,ContactMatcher,2DQ5OVDAYR,10.68,2,0,5.0196
8151,EMEA-2020-167997,1/27/2020,20200127,Croatia,EMEA,EU-WEST,Siemens,1043,Manufacturing,Strategic,Marketing Suite,MKZA1ZJSAZ,141.96,2,0,39.7488
3795,AMER-2020-117163,1/28/2020,20200128,United States,AMER,NAMER,Kroger,1057,Retail,SMB,Marketing Suite - Gold,UIV6TGB9E5,57.23,1,0,14.3075
3796,AMER-2020-117163,1/28/2020,20200128,United States,AMER,NAMER,Kroger,1057,Retail,SMB,ContactMatcher,0JWVKB90FM,333,3,0.2,-16.65
3797,AMER-2020-117163,1/28/2020,20200128,United States,AMER,NAMER,Kroger,1057,Retail,SMB,ChatBot Plugin,I9613SK37A,36.44,4,0,12.0252
3084,EMEA-2020-100328,1/29/2020,20200129,United Kingdom,EMEA,UKIR,Honda Motor,1045,Manufacturing,SMB,ContactMatcher,6EBNJAD4LO,3.928,1,0.2,1.3257
6388,AMER-2020-134103,1/31/2020,20200131,Brazil,AMER,LATAM,Boeing,1014,Manufacturing,SMB,Support,K8T1AJYOXR,10.56,2,0,4.752
6389,AMER-2020-134103,1/31/2020,20200131,Brazil,AMER,LATAM,Boeing,1014,Manufacturing,SMB,Marketing Suite - Gold,9H35J024O7,229.94,2,0,6.8982
3366,AMER-2020-115161,2/1/2020,20200201,United States,AMER,NAMER,Lukoil,1044,Energy,SMB,Marketing Suite,G146C50CFX,290.666,2,0.15,3.4196
541,EMEA-2020-140795,2/2/2020,20200202,Italy,EMEA,EU,Verizon Communications,1094,Communications,SMB,Data Smasher,8KT1Y4PL7T,468.9,6,0,206.316
1704,AMER-2020-139857,2/3/2020,20200203,United States,AMER,NAMER,Carrefour,1048,Retail,Enterprise,Storage,YPF0YZA72R,12.35,5,0,5.8045
9138,EMEA-2020-123400,2/3/2020,20200203,Germany,EMEA,EU-WEST,Panasonic,1091,Tech,SMB,ContactMatcher,XK3WZG8IHY,18.336,2,0.7,-12.224
9139,EMEA-2020-123400,2/3/2020,20200203,Germany,EMEA,EU-WEST,Panasonic,1091,Tech,SMB,Site Analytics,5MU45EXXUJ,180.96,5,0.2,13.572
1518,AMER-2020-111059,2/4/2020,20200204,Canada,AMER,NAMER,Johnson & Johnson,1055,Healthcare,SMB,ContactMatcher,SD9I5XRF5R,83.84,2,0.2,27.248
1519,AMER-2020-111059,2/4/2020,20200204,Canada,AMER,NAMER,Johnson & Johnson,1055,Healthcare,SMB,ContactMatcher,BD2ELH74HB,13.272,3,0.2,4.3134
1544,AMER-2020-107181,2/5/2020,20200205,United States,AMER,NAMER,Kroger,1057,Retail,Enterprise,ContactMatcher,Z3QBMEEBQK,82.896,3,0.2,29.0136
1545,AMER-2020-107181,2/5/2020,20200205,United States,AMER,NAMER,Kroger,1057,Retail,Enterprise,Support,ODSJQ1C8GB,34.24,4,0,16.0928
8585,AMER-2020-104808,2/5/2020,20200205,United States,AMER,NAMER,Mondelez International,1067,Consumer Products,Strategic,ContactMatcher,SP0CVX7RBO,17.248,2,0.2,6.0368
1998,EMEA-2020-131905,2/7/2020,20200207,Spain,EMEA,EU-WEST,Volkswagen,1046,Manufacturing,Strategic,FinanceHub,E674UJRB7C,15,4,0,7.2
1999,EMEA-2020-131905,2/7/2020,20200207,Spain,EMEA,EU-WEST,Volkswagen,1046,Manufacturing,Strategic,Site Analytics,CU9QPSQ0A9,161.61,1,0,42.0186
2000,EMEA-2020-131905,2/7/2020,20200207,Spain,EMEA,EU-WEST,Volkswagen,1046,Manufacturing,Strategic,Site Analytics,XIKHXBBE49,144.95,5,0,42.0355
8981,APJ-2020-108182,2/7/2020,20200207,Australia,APJ,ANZ,Goldman Sachs Group,1042,Finance,SMB,ContactMatcher,PSVTWW1Y02,8.952,2,0.8,-14.7708
850,AMER-2020-107755,2/8/2020,20200208,Argentina,AMER,LATAM,HSBC Holdings,1070,Finance,Strategic,Data Smasher,7X4XYXS4OD,115.36,7,0,49.6048
8736,EMEA-2020-169390,2/8/2020,20200208,United Kingdom,EMEA,UKIR,Bosch,1076,Tech,Strategic,Marketing Suite - Gold,PLJAN3ILY5,64.96,4,0,9.744
9267,EMEA-2020-125759,2/9/2020,20200209,Israel,EMEA,EU-EAST,Itochu,1032,Finance,Enterprise,SaaS Connector Pack,4Z8KR1ZPLK,14.56,2,0,5.5328
5631,EMEA-2020-127614,2/12/2020,20200212,Spain,EMEA,EU-WEST,Walgreens,1095,Retail,SMB,Data Smasher,OKMLY28YRH,234.45,3,0,103.158
5632,EMEA-2020-127614,2/12/2020,20200212,Spain,EMEA,EU-WEST,Walgreens,1095,Retail,SMB,ContactMatcher,8UV9OSKVOL,1256.22,6,0,75.3732
5633,EMEA-2020-127614,2/12/2020,20200212,Spain,EMEA,EU-WEST,Walgreens,1095,Retail,SMB,ContactMatcher,CJBA5TEOJB,17.46,2,0,8.2062
9255,EMEA-2020-168368,2/12/2020,20200212,Poland,EMEA,EU-WEST,General Electric,1040,Finance,SMB,FinanceHub,A32RX80TZ2,60.89,1,0,15.2225
9256,EMEA-2020-168368,2/12/2020,20200212,Poland,EMEA,EU-WEST,General Electric,1040,Finance,SMB,FinanceHub,97U7PK3UWX,14.94,3,0,6.8724
9257,EMEA-2020-168368,2/12/2020,20200212,Poland,EMEA,EU-WEST,General Electric,1040,Finance,SMB,ContactMatcher,TRL7ZP08GA,9.64,2,0,4.4344
9258,EMEA-2020-168368,2/12/2020,20200212,Poland,EMEA,EU-WEST,General Electric,1040,Finance,SMB,SaaS Connector Pack,VLMFT69U6T,332.94,3,0,53.2704
9259,EMEA-2020-168368,2/12/2020,20200212,Poland,EMEA,EU-WEST,General Electric,1040,Finance,SMB,ContactMatcher,53AAXD4JTA,51.9,3,0,24.393
9260,EMEA-2020-168368,2/12/2020,20200212,Poland,EMEA,EU-WEST,General Electric,1040,Finance,SMB,Marketing Suite - Gold,7WUXBPL5IY,64.96,2,0,2.5984
457,AMER-2020-110674,2/13/2020,20200213,United States,AMER,NAMER,Anthem,1029,Healthcare,SMB,FinanceHub,S46B8II7DP,129.568,2,0.2,-24.294
5467,APJ-2020-107706,2/15/2020,20200215,Japan,APJ,JAPN,UnitedHealth Group,1092,Healthcare,SMB,Support,CB4HSXP3T4,16.176,3,0.2,6.066
9762,AMER-2020-121762,2/15/2020,20200215,Canada,AMER,NAMER,Siemens,1043,Manufacturing,Strategic,Data Smasher,K2CP0CUQUY,239.97,3,0,86.3892
9763,AMER-2020-121762,2/15/2020,20200215,Canada,AMER,NAMER,Siemens,1043,Manufacturing,Strategic,OneView,WD5S7HGABP,81.96,2,0,22.9488
9764,AMER-2020-121762,2/15/2020,20200215,Canada,AMER,NAMER,Siemens,1043,Manufacturing,Strategic,Support,6FJQEXZGYO,238.62,2,0,4.7724
7438,AMER-2020-165568,2/16/2020,20200216,Canada,AMER,NAMER,Enel,1013,Energy,Strategic,ContactMatcher,7CTTJTEOZI,21.36,5,0.2,7.209
1333,APJ-2020-122567,2/17/2020,20200217,Japan,APJ,JAPN,Engie,1062,Energy,SMB,ContactMatcher,2NRJ3UVCJS,1.08,3,0.8,-1.728
1334,APJ-2020-122567,2/17/2020,20200217,Japan,APJ,JAPN,Engie,1062,Energy,SMB,OneView,TZM06PWLU3,7.96,2,0.8,-13.93
9516,APJ-2020-154165,2/18/2020,20200218,Australia,APJ,ANZ,Goldman Sachs Group,1042,Finance,SMB,ChatBot Plugin,RCRMTL6X0X,54.208,14,0.2,8.8088
6082,APJ-2020-165589,2/19/2020,20200219,Japan,APJ,JAPN,Nissan Motor,1098,Transportation,SMB,SaaS Connector Pack,7OX0WJIMIC,25.16,5,0.6,-11.322
8223,APJ-2020-152905,2/19/2020,20200219,Japan,APJ,JAPN,Allstate,1003,Finance,SMB,Marketing Suite - Gold,403F0M7OVK,12.624,2,0.2,-2.5248
4521,APJ-2020-109491,2/21/2020,20200221,India,APJ,IND,Pemex,1058,Energy,Strategic,Data Smasher,JUB9QVLV48,62.31,3,0,22.4316
4522,APJ-2020-109491,2/21/2020,20200221,India,APJ,IND,Pemex,1058,Energy,Strategic,SaaS Connector Pack,0PJASELE5Q,20.32,4,0,6.9088
8504,AMER-2020-164903,2/21/2020,20200221,United States,AMER,NAMER,United Parcel Service,1090,Transportation,Enterprise,Support,S52VFMTUBZ,12.96,2,0,6.2208
2883,APJ-2020-165540,2/22/2020,20200222,Australia,APJ,ANZ,Sysco,1084,Consumer Products,SMB,ContactMatcher,GV9SB1GSN9,8.85,5,0.8,-13.7175
7611,AMER-2020-133354,2/23/2020,20200223,United States,AMER,NAMER,Chevron,1017,Energy,SMB,Support,YE03A05XM1,19.44,3,0,9.3312
6530,APJ-2020-103744,2/24/2020,20200224,Japan,APJ,JAPN,AmerisourceBergen,1007,Healthcare,Enterprise,FinanceHub,DKFCQQA18Y,6.936,3,0.2,2.3409
6531,APJ-2020-103744,2/24/2020,20200224,Japan,APJ,JAPN,AmerisourceBergen,1007,Healthcare,Enterprise,ContactMatcher,8VS2N1848F,4.428,3,0.8,-6.8634
5512,EMEA-2020-137680,2/25/2020,20200225,Belgium,EMEA,EU-WEST,Panasonic,1091,Tech,SMB,Support,XXUO62FM8J,32.896,4,0.2,11.1024
5513,EMEA-2020-137680,2/25/2020,20200225,Belgium,EMEA,EU-WEST,Panasonic,1091,Tech,SMB,Support,SRUD0KVO80,22.776,3,0.2,7.6869
9464,AMER-2020-156545,2/28/2020,20200228,Mexico,AMER,LATAM,Coca-Cola,1021,Consumer Products,SMB,ChatBot Plugin,BNDHJYI3TG,19.456,4,0.2,3.4048
158,AMER-2020-104269,3/1/2020,20200301,Canada,AMER,NAMER,American Express,1005,Finance,SMB,FinanceHub,TJX5D1WJAN,457.568,2,0.2,51.4764
5714,EMEA-2020-143707,3/1/2020,20200301,United Kingdom,EMEA,UKIR,Phillips 66,1056,Energy,Enterprise,Site Analytics,JNQD79IRS6,5.94,3,0,1.6038
6548,APJ-2020-113880,3/1/2020,20200301,Australia,APJ,ANZ,Intel,1051,Tech,Enterprise,FinanceHub,602WUL2MMK,634.116,6,0.3,-172.1172
6549,APJ-2020-113880,3/1/2020,20200301,Australia,APJ,ANZ,Intel,1051,Tech,Enterprise,Support,Y0PCZZKQZG,17.472,3,0.2,5.6784
7948,APJ-2020-131009,3/1/2020,20200301,Japan,APJ,JAPN,Apple,1008,Tech,SMB,Storage,6VOG0TZLB5,18.84,5,0.2,-3.5325
7949,APJ-2020-131009,3/1/2020,20200301,Japan,APJ,JAPN,Apple,1008,Tech,SMB,FinanceHub,QUXMUJ840K,362.25,6,0.3,0
7950,APJ-2020-131009,3/1/2020,20200301,Japan,APJ,JAPN,Apple,1008,Tech,SMB,SaaS Connector Pack,YYPTC8QWE5,63.552,6,0.6,-34.9536
7951,APJ-2020-131009,3/1/2020,20200301,Japan,APJ,JAPN,Apple,1008,Tech,SMB,Marketing Suite - Gold,J0YAAN3T86,129.552,3,0.2,-22.6716
8310,APJ-2020-168312,3/1/2020,20200301,Japan,APJ,JAPN,Amazon,1004,Tech,SMB,Marketing Suite - Gold,WMTZ36HQOU,137.352,3,0.2,8.5845
8311,APJ-2020-168312,3/1/2020,20200301,Japan,APJ,JAPN,Amazon,1004,Tech,SMB,ContactMatcher,CN4IFFBKEZ,376.509,3,0.3,-43.0296
6058,EMEA-2020-107524,3/2/2020,20200302,United Kingdom,EMEA,UKIR,Intel,1051,Tech,Enterprise,SaaS Connector Pack - Gold,XIYA6ZLU1P,11.36,2,0,5.3392
6059,EMEA-2020-107524,3/2/2020,20200302,United Kingdom,EMEA,UKIR,Intel,1051,Tech,Enterprise,Support,CMGCER78Q3,36.4,5,0,17.472
9946,EMEA-2020-111157,3/2/2020,20200302,France,EMEA,EU-WEST,Trafigura Group,1100,Finance,Strategic,Support,6BS8TLRLGR,3.424,1,0.2,1.07
9947,EMEA-2020-111157,3/2/2020,20200302,France,EMEA,EU-WEST,Trafigura Group,1100,Finance,Strategic,Data Smasher,R0F3MQRPXS,151.2,3,0.2,32.13
556,EMEA-2020-155852,3/3/2020,20200303,Sweden,EMEA,NOR,Airbus,1030,Manufacturing,SMB,ChatBot Plugin,8CHJ1MPU0D,19.456,4,0.2,3.4048
1163,EMEA-2020-127964,3/3/2020,20200303,United Kingdom,EMEA,UKIR,CVS Health,1026,Retail,Enterprise,Site Analytics,EEXZF71T7M,9.99,1,0,4.5954
1164,EMEA-2020-127964,3/3/2020,20200303,United Kingdom,EMEA,UKIR,CVS Health,1026,Retail,Enterprise,ContactMatcher,YMTAR5IJ8P,125.76,3,0.2,40.872
1165,EMEA-2020-127964,3/3/2020,20200303,United Kingdom,EMEA,UKIR,CVS Health,1026,Retail,Enterprise,ContactMatcher,JVDTQ3D7VF,25.32,5,0.2,9.1785
7247,AMER-2020-127978,3/3/2020,20200303,Mexico,AMER,LATAM,Anthem,1029,Healthcare,Strategic,FinanceHub,XK6DR1M154,15.12,3,0.2,4.914
7248,AMER-2020-127978,3/3/2020,20200303,Mexico,AMER,LATAM,Anthem,1029,Healthcare,Strategic,Marketing Suite,XBGUQHUWA6,302.45,5,0.5,-199.617
7249,AMER-2020-127978,3/3/2020,20200303,Mexico,AMER,LATAM,Anthem,1029,Healthcare,Strategic,Marketing Suite - Gold,LH2KVNCV8G,44.672,8,0.2,-10.0512
7349,APJ-2020-130421,3/3/2020,20200303,Japan,APJ,JAPN,ConocoPhillips,1024,Energy,SMB,OneView,H2P364FUTK,176.772,3,0.8,-459.6072
8712,AMER-2020-105648,3/3/2020,20200303,United States,AMER,NAMER,Ford Motor,1009,Manufacturing,SMB,ContactMatcher,CYZ40PHADW,626.352,3,0.2,-23.4882
1565,AMER-2020-116239,3/4/2020,20200304,Colombia,AMER,LATAM,Walmart,1096,Retail,SMB,Marketing Suite - Gold,AFPQHIGAE3,354.9,5,0,17.745
4422,EMEA-2020-117016,3/4/2020,20200304,Germany,EMEA,EU-WEST,Anthem,1029,Healthcare,SMB,ChatBot Plugin,CIHJ6Z5AAN,15.552,3,0.2,2.3328
8497,EMEA-2020-169061,3/5/2020,20200305,United Kingdom,EMEA,UKIR,Lukoil,1044,Energy,SMB,ChatBot Plugin,EGE27FVRNE,59.52,3,0,15.4752
8498,EMEA-2020-169061,3/5/2020,20200305,United Kingdom,EMEA,UKIR,Lukoil,1044,Energy,SMB,Data Smasher,I4DLQ2N2G7,479.97,3,0,177.5889
8499,EMEA-2020-169061,3/5/2020,20200305,United Kingdom,EMEA,UKIR,Lukoil,1044,Energy,SMB,Support,CEMDWNN0NE,18.62,2,0,5.3998
8500,EMEA-2020-169061,3/5/2020,20200305,United Kingdom,EMEA,UKIR,Lukoil,1044,Energy,SMB,ContactMatcher,2FX2SUGYXE,49.632,6,0.2,16.7508
8501,EMEA-2020-169061,3/5/2020,20200305,United Kingdom,EMEA,UKIR,Lukoil,1044,Energy,SMB,Support,OJECQM9ABH,97.82,2,0,45.9754
4962,AMER-2020-156587,3/7/2020,20200307,Canada,AMER,NAMER,Allstate,1003,Finance,SMB,FinanceHub,YQB0N0TL4L,48.712,1,0.2,5.4801
4963,AMER-2020-156587,3/7/2020,20200307,Canada,AMER,NAMER,Allstate,1003,Finance,SMB,ChatBot Plugin,T61KCTNUNV,17.94,3,0,4.6644
4964,AMER-2020-156587,3/7/2020,20200307,Canada,AMER,NAMER,Allstate,1003,Finance,SMB,Marketing Suite - Gold,DY72OE0E53,242.94,3,0,4.8588
5254,AMER-2020-131982,3/7/2020,20200307,Canada,AMER,NAMER,Ford Motor,1009,Manufacturing,Enterprise,ContactMatcher,YQG5VI1SB8,107.648,2,0.2,33.64
9641,AMER-2020-104563,3/7/2020,20200307,Canada,AMER,NAMER,Huawei,1086,Tech,Strategic,ChatBot Plugin,4F6OHOQVR2,20.65,5,0,9.499
9642,AMER-2020-104563,3/7/2020,20200307,Canada,AMER,NAMER,Huawei,1086,Tech,Strategic,Marketing Suite - Gold,E8AOM8EYFP,204.9,5,0,0
9643,AMER-2020-104563,3/7/2020,20200307,Canada,AMER,NAMER,Huawei,1086,Tech,Strategic,FinanceHub,Y72P514WOS,436.704,6,0.2,21.8352
9644,AMER-2020-104563,3/7/2020,20200307,Canada,AMER,NAMER,Huawei,1086,Tech,Strategic,FinanceHub,8VEXIVTQG7,481.568,2,0.2,54.1764
1172,AMER-2020-100279,3/10/2020,20200310,Brazil,AMER,LATAM,Ford Motor,1009,Manufacturing,SMB,Support,NI5MITNJ98,22.38,2,0,10.7424
2101,EMEA-2020-140116,3/10/2020,20200310,Russia,EMEA,EU-EAST,Ford Motor,1009,Manufacturing,SMB,Marketing Suite - Gold,5BVZ1VE11Y,636.408,3,0.2,-15.9102
2102,EMEA-2020-140116,3/10/2020,20200310,Russia,EMEA,EU-EAST,Ford Motor,1009,Manufacturing,SMB,ChatBot Plugin,HWFTWOE1N5,83.168,4,0.2,9.3564
1542,AMER-2020-166884,3/11/2020,20200311,Mexico,AMER,LATAM,Banco Santander,1101,Finance,SMB,SaaS Connector Pack,Z2DXU4EX9V,8.32,5,0.2,2.288
1543,AMER-2020-166884,3/11/2020,20200311,Mexico,AMER,LATAM,Banco Santander,1101,Finance,SMB,Storage,2XXKJ5DYEH,10.464,6,0.2,1.7004
3442,EMEA-2020-158337,3/11/2020,20200311,United Kingdom,EMEA,UKIR,Allstate,1003,Finance,SMB,Support,5TAFKAG79O,108.92,14,0,49.014
7015,EMEA-2020-114790,3/11/2020,20200311,Ireland,EMEA,UKIR,American Express,1005,Finance,Strategic,OneView,A5OLB9B05B,146.76,3,0,38.1576
7016,EMEA-2020-114790,3/11/2020,20200311,Ireland,EMEA,UKIR,American Express,1005,Finance,Strategic,Data Smasher,6UYW7XGXM4,32.96,2,0,14.1728
7017,EMEA-2020-114790,3/11/2020,20200311,Ireland,EMEA,UKIR,American Express,1005,Finance,Strategic,Site Analytics,0OZOVVJUS5,587.97,3,0,164.6316
7018,EMEA-2020-114790,3/11/2020,20200311,United Kingdom,EMEA,UKIR,American Express,1005,Finance,Strategic,Support,0YWNVX1O6K,14.94,3,0,7.0218
8300,AMER-2020-103338,3/11/2020,20200311,United States,AMER,NAMER,AT&T,1010,Communications,SMB,ChatBot Plugin,H1V2WXW7FL,7.98,3,0,2.0748
1891,AMER-2020-157623,3/14/2020,20200314,United States,AMER,NAMER,AT&T,1010,Communications,Strategic,Support,V45KJI85I5,10.56,2,0,4.752
1892,AMER-2020-157623,3/14/2020,20200314,United States,AMER,NAMER,AT&T,1010,Communications,Strategic,ChatBot Plugin,WI46O3HYNT,3.38,1,0,1.2506
2841,EMEA-2020-125521,3/14/2020,20200314,Spain,EMEA,EU-WEST,Comcast,1022,Communications,Enterprise,FinanceHub,CJ57AZURB1,1139.92,4,0,284.98
4677,EMEA-2020-114510,3/14/2020,20200314,Turkey,EMEA,MEA,Mondelez International,1067,Consumer Products,SMB,ContactMatcher,4C4RD4L1TK,33.088,4,0.2,11.1672
4678,EMEA-2020-114510,3/14/2020,20200314,Turkey,EMEA,MEA,Mondelez International,1067,Consumer Products,SMB,Marketing Suite - Gold,UZZ0DH7S1S,80.98,1,0,3.2392
4679,EMEA-2020-114510,3/14/2020,20200314,Turkey,EMEA,MEA,Mondelez International,1067,Consumer Products,SMB,Data Smasher,OK98Z7QUZY,82.8,12,0,6.624
4680,EMEA-2020-114510,3/14/2020,20200314,Turkey,EMEA,MEA,Mondelez International,1067,Consumer Products,SMB,Marketing Suite - Gold,2WZG7PAXCT,21.36,2,0,5.7672
4681,EMEA-2020-114510,3/14/2020,20200314,Turkey,EMEA,MEA,Mondelez International,1067,Consumer Products,SMB,ContactMatcher,5LJL0PVIAX,62.048,2,0.2,20.1656
9406,APJ-2020-152618,3/14/2020,20200314,Australia,APJ,ANZ,Philip Morris International,1075,Consumer Products,Enterprise,Big Ol Database,Z7VSO78ZJI,574.91,2,0.3,156.047
9407,APJ-2020-152618,3/14/2020,20200314,Australia,APJ,ANZ,Philip Morris International,1075,Consumer Products,Enterprise,Support,HDQ1WZARQS,8.448,2,0.2,2.64
9515,EMEA-2020-100293,3/14/2020,20200314,Germany,EMEA,EU-WEST,Morgan Stanley,1068,Finance,Enterprise,Support,TL5G4LWGYK,91.056,6,0.2,31.8696
603,EMEA-2020-149958,3/15/2020,20200315,Germany,EMEA,EU-WEST,Ford Motor,1009,Manufacturing,SMB,Marketing Suite - Gold,RUFLJT9T9F,142.776,1,0.2,17.847
604,EMEA-2020-149958,3/15/2020,20200315,Germany,EMEA,EU-WEST,Ford Motor,1009,Manufacturing,SMB,SaaS Connector Pack,819JTO14ID,45.696,3,0.2,5.1408
605,EMEA-2020-149958,3/15/2020,20200315,Germany,EMEA,EU-WEST,Ford Motor,1009,Manufacturing,SMB,ContactMatcher,S6MMZPLZFQ,7.218,3,0.7,-5.5338
606,EMEA-2020-149958,3/15/2020,20200315,Germany,EMEA,EU-WEST,Ford Motor,1009,Manufacturing,SMB,ContactMatcher,KJ58MPD8QR,43.188,4,0.7,-31.6712
607,EMEA-2020-149958,3/15/2020,20200315,Germany,EMEA,EU-WEST,Ford Motor,1009,Manufacturing,SMB,Support,8NACWE5VD1,131.904,3,0.2,47.8152
3453,EMEA-2020-157609,3/16/2020,20200316,Sweden,EMEA,NOR,Intel,1051,Tech,Enterprise,Site Analytics,W897VRXRR7,471.92,2,0.2,29.495
1346,EMEA-2020-118339,3/17/2020,20200317,Luxembourg,EMEA,EU-WEST,Anthem,1029,Healthcare,SMB,OneView,1R95VQSY4I,93.78,2,0,36.5742
1347,EMEA-2020-118339,3/17/2020,20200317,Luxembourg,EMEA,EU-WEST,Anthem,1029,Healthcare,SMB,Support,F71NGQ672U,47.18,7,0,23.59
1348,EMEA-2020-118339,3/17/2020,20200317,Luxembourg,EMEA,EU-WEST,Anthem,1029,Healthcare,SMB,ChatBot Plugin,1Y71E24FJ9,19.68,6,0,5.7072
1349,EMEA-2020-118339,3/17/2020,20200317,Luxembourg,EMEA,EU-WEST,Anthem,1029,Healthcare,SMB,ContactMatcher,ITY3X4IC8D,53.4,10,0,25.098
1350,EMEA-2020-118339,3/17/2020,20200317,Luxembourg,EMEA,EU-WEST,Anthem,1029,Healthcare,SMB,ContactMatcher,JLPKKB0XC2,35.88,6,0,17.2224
2358,EMEA-2020-148838,3/17/2020,20200317,United Kingdom,EMEA,UKIR,Allstate,1003,Finance,Strategic,ContactMatcher,IW6FN1EJVT,1579.746,7,0.4,-447.5947
2359,EMEA-2020-148838,3/17/2020,20200317,United Kingdom,EMEA,UKIR,Allstate,1003,Finance,Strategic,ContactMatcher,TWZTBPXDNH,1071.576,4,0.4,-553.6476
2360,EMEA-2020-148838,3/17/2020,20200317,United Kingdom,EMEA,UKIR,Allstate,1003,Finance,Strategic,ContactMatcher,4TCGLGVZ9J,613.908,3,0.4,-122.7816
2361,EMEA-2020-148838,3/17/2020,20200317,United Kingdom,EMEA,UKIR,Allstate,1003,Finance,Strategic,Support,ATRXRJ8H5W,34.86,7,0,16.3842
2362,EMEA-2020-148838,3/17/2020,20200317,United Kingdom,EMEA,UKIR,Allstate,1003,Finance,Strategic,Support,B0KIPN392O,155.04,4,0,75.9696
5101,APJ-2020-158442,3/17/2020,20200317,Japan,APJ,JAPN,Allianz,1080,Finance,SMB,ChatBot Plugin,K9LVOE96HF,4.448,2,0.2,0.3336
5102,APJ-2020-158442,3/17/2020,20200317,Japan,APJ,JAPN,Allianz,1080,Finance,SMB,Support,WUB4ETGWD0,5.184,1,0.2,1.8792
5103,APJ-2020-158442,3/17/2020,20200317,Japan,APJ,JAPN,Allianz,1080,Finance,SMB,Support,LNYJHVK33A,15.552,3,0.2,5.4432
7428,EMEA-2020-164763,3/17/2020,20200317,Ukraine,EMEA,EU-EAST,Mondelez International,1067,Consumer Products,Strategic,ContactMatcher,WHRKMG8G3B,11.43,3,0,5.3721
7429,EMEA-2020-164763,3/17/2020,20200317,Ukraine,EMEA,EU-EAST,Mondelez International,1067,Consumer Products,Strategic,ContactMatcher,J0AWCOI1I9,30.44,2,0,14.9156
7430,EMEA-2020-164763,3/17/2020,20200317,Ukraine,EMEA,EU-EAST,Mondelez International,1067,Consumer Products,Strategic,Support,FVNANEUUN0,12.96,2,0,6.3504
7431,EMEA-2020-164763,3/17/2020,20200317,Ukraine,EMEA,EU-EAST,Mondelez International,1067,Consumer Products,Strategic,Support,OI93TE94KW,16,4,0,7.68
7432,EMEA-2020-164763,3/17/2020,20200317,Ukraine,EMEA,EU-EAST,Mondelez International,1067,Consumer Products,Strategic,OneView,KX6OWZIDF9,32.67,3,0,8.4942
8011,EMEA-2020-127859,3/17/2020,20200317,France,EMEA,EU-WEST,Samsung Electronics,1015,Tech,Strategic,Support,2N1931BXM1,126.624,6,0.2,41.1528
2697,EMEA-2020-145317,3/18/2020,20200318,Germany,EMEA,EU-WEST,Anthem,1029,Healthcare,Enterprise,Big Ol Database,7RRDQD0HXL,821.3,4,0.5,-16.426
2698,EMEA-2020-145317,3/18/2020,20200318,Germany,EMEA,EU-WEST,Anthem,1029,Healthcare,Enterprise,Big Ol Database,SGJPOTVE6H,22638.48,6,0.5,-1811.0784
2699,EMEA-2020-145317,3/18/2020,20200318,Germany,EMEA,EU-WEST,Anthem,1029,Healthcare,Enterprise,Support,I22QE4CE5J,21.376,4,0.2,7.4816
2700,EMEA-2020-145317,3/18/2020,20200318,Germany,EMEA,EU-WEST,Anthem,1029,Healthcare,Enterprise,ChatBot Plugin,47UKTCXDB6,8.016,3,0.2,1.002
2701,EMEA-2020-145317,3/18/2020,20200318,Germany,EMEA,EU-WEST,Anthem,1029,Healthcare,Enterprise,SaaS Connector Pack,CN9PPPZZ5G,30.768,2,0.2,8.0766
2702,EMEA-2020-145317,3/18/2020,20200318,Germany,EMEA,EU-WEST,Anthem,1029,Healthcare,Enterprise,Storage,O8EX7W2U61,18.936,3,0.2,5.9175
2703,EMEA-2020-145317,3/18/2020,20200318,Germany,EMEA,EU-WEST,Anthem,1029,Healthcare,Enterprise,SaaS Connector Pack,STNOJW3BTN,122.352,3,0.2,15.294
6152,AMER-2020-111871,3/18/2020,20200318,United States,AMER,NAMER,Home Depot,1047,Retail,Enterprise,Marketing Suite,OI99X15HKU,1198.33,10,0.15,70.49
7328,AMER-2020-131275,3/18/2020,20200318,United States,AMER,NAMER,Valero Energy,1093,Energy,Enterprise,SaaS Connector Pack,U8JTG057CS,111,2,0,14.43
7329,AMER-2020-131275,3/18/2020,20200318,United States,AMER,NAMER,Valero Energy,1093,Energy,Enterprise,Big Ol Database,6TZ8OMG6WS,1279.968,4,0.2,415.9896
7330,AMER-2020-131275,3/18/2020,20200318,United States,AMER,NAMER,Valero Energy,1093,Energy,Enterprise,Marketing Suite - Gold,33OX20KIT8,1856.19,7,0,334.1142
6161,EMEA-2020-103989,3/19/2020,20200319,Germany,EMEA,EU-WEST,PepsiCo,1073,Consumer Products,Strategic,Site Analytics,KYVQFOUXML,323.976,3,0.2,28.3479
6162,EMEA-2020-103989,3/19/2020,20200319,Germany,EMEA,EU-WEST,PepsiCo,1073,Consumer Products,Strategic,FinanceHub,XB9451NBAF,11.808,4,0.2,3.9852
6163,EMEA-2020-103989,3/19/2020,20200319,Germany,EMEA,EU-WEST,PepsiCo,1073,Consumer Products,Strategic,Marketing Suite - Gold,NKNOLMFFY2,26.16,3,0.2,1.962
6164,EMEA-2020-103989,3/19/2020,20200319,Germany,EMEA,EU-WEST,PepsiCo,1073,Consumer Products,Strategic,ContactMatcher,TEYTF5ERN6,33.57,5,0.7,-25.737
6165,EMEA-2020-103989,3/19/2020,20200319,Germany,EMEA,EU-WEST,PepsiCo,1073,Consumer Products,Strategic,SaaS Connector Pack,OO27QGOAX7,4.992,3,0.2,1.3728
6166,EMEA-2020-103989,3/19/2020,20200319,Germany,EMEA,EU-WEST,PepsiCo,1073,Consumer Products,Strategic,SaaS Connector Pack,OGPLLH155T,20.016,3,0.2,5.5044
6167,EMEA-2020-103989,3/19/2020,20200319,Germany,EMEA,EU-WEST,PepsiCo,1073,Consumer Products,Strategic,Data Smasher,67FY9FBUCD,170.24,2,0.2,53.2
196,AMER-2020-140004,3/21/2020,20200321,Mexico,AMER,LATAM,Tyson Foods,1088,Consumer Products,SMB,ChatBot Plugin,FNBDSUKN38,7.408,2,0.2,1.2038
197,AMER-2020-140004,3/21/2020,20200321,Mexico,AMER,LATAM,Tyson Foods,1088,Consumer Products,SMB,ChatBot Plugin,YDSSPKI1I2,6.048,3,0.2,1.5876
5461,EMEA-2020-107405,3/21/2020,20200321,Sweden,EMEA,NOR,HSBC Holdings,1070,Finance,Strategic,Marketing Suite - Gold,CZ3BHIEBKJ,16.272,1,0.2,-3.8646
7584,EMEA-2020-163223,3/21/2020,20200321,Spain,EMEA,EU-WEST,Apple,1008,Tech,Strategic,Site Analytics,RSIXAY02WN,3499.93,7,0,909.9818
7585,EMEA-2020-163223,3/21/2020,20200321,Spain,EMEA,EU-WEST,Apple,1008,Tech,Strategic,FinanceHub,B2TPL45ZLN,14.4,5,0,6.624
7586,EMEA-2020-163223,3/21/2020,20200321,Spain,EMEA,EU-WEST,Apple,1008,Tech,Strategic,Support,VK1JP0CKA0,122.97,3,0,60.2553
7587,EMEA-2020-163223,3/21/2020,20200321,Spain,EMEA,EU-WEST,Apple,1008,Tech,Strategic,ChatBot Plugin,SPX216ZLUC,9.32,4,0,2.7028
7588,EMEA-2020-163223,3/21/2020,20200321,Spain,EMEA,EU-WEST,Apple,1008,Tech,Strategic,ContactMatcher,BQJMSJVJJU,122.94,3,0,59.0112
8344,EMEA-2020-155544,3/21/2020,20200321,South Africa,EMEA,MEA,Honda Motor,1045,Manufacturing,SMB,FinanceHub,8J07IVPXMC,59.2,5,0.2,22.2
8345,EMEA-2020-155544,3/21/2020,20200321,South Africa,EMEA,MEA,Honda Motor,1045,Manufacturing,SMB,SaaS Connector Pack,WVC6RUONKP,32.952,3,0.2,6.5904
8346,EMEA-2020-155544,3/21/2020,20200321,South Africa,EMEA,MEA,Honda Motor,1045,Manufacturing,SMB,FinanceHub,82WJPPLSGX,218.376,3,0.2,-10.9188
1768,EMEA-2020-158057,3/22/2020,20200322,Sweden,EMEA,NOR,General Electric,1040,Finance,SMB,ContactMatcher,KTRKHXPZVQ,7.644,4,0.7,-5.8604
1769,EMEA-2020-158057,3/22/2020,20200322,Sweden,EMEA,NOR,General Electric,1040,Finance,SMB,ContactMatcher,O3W7O3UR3F,51.465,5,0.7,-39.4565
2871,AMER-2020-148040,3/22/2020,20200322,Chile,AMER,LATAM,Allianz,1080,Finance,Strategic,Support,N7FK5R3512,74.352,3,0.2,23.235
2872,AMER-2020-148040,3/22/2020,20200322,Chile,AMER,LATAM,Allianz,1080,Finance,Strategic,FinanceHub,TYWNOXS0I6,314.352,3,0.2,-35.3646
4341,APJ-2020-129609,3/22/2020,20200322,India,APJ,IND,Allianz,1080,Finance,SMB,ChatBot Plugin,KVCVRZJVJN,16.28,2,0,6.512
3555,AMER-2020-120838,3/23/2020,20200323,United States,AMER,NAMER,Morgan Stanley,1068,Finance,SMB,Marketing Suite - Gold,0KGKWVD1DF,330.4,2,0,85.904
3556,AMER-2020-120838,3/23/2020,20200323,United States,AMER,NAMER,Morgan Stanley,1068,Finance,SMB,Site Analytics,Z3ZCWRPHKO,604.752,6,0.2,37.797
6591,EMEA-2020-164749,3/23/2020,20200323,Germany,EMEA,EU-WEST,Anthem,1029,Healthcare,SMB,FinanceHub,XJZVZ27CZN,9.912,3,0.2,3.2214
4480,EMEA-2020-147235,3/24/2020,20200324,United Kingdom,EMEA,UKIR,Sprint Nextel,1081,Communications,SMB,Support,U7K6A3WI2Z,24.9,5,0,11.703
7802,AMER-2020-143637,3/24/2020,20200324,United States,AMER,NAMER,Marathon Petroleum,1061,Energy,SMB,SaaS Connector Pack,614JMU17F7,40.48,2,0,14.5728
2433,EMEA-2020-148586,3/25/2020,20200325,United Kingdom,EMEA,UKIR,Allianz,1080,Finance,SMB,FinanceHub,6SVS7S7OX8,366.786,7,0.1,65.2064
9307,AMER-2020-128237,3/25/2020,20200325,United States,AMER,NAMER,Procter & Gamble,1077,Consumer Products,SMB,ChatBot Plugin,K83WF0C73L,6.56,2,0,1.9024
9308,AMER-2020-128237,3/25/2020,20200325,United States,AMER,NAMER,Procter & Gamble,1077,Consumer Products,SMB,ChatBot Plugin,SIK52PPRFV,14.88,2,0,3.72
9309,AMER-2020-128237,3/25/2020,20200325,United States,AMER,NAMER,Procter & Gamble,1077,Consumer Products,SMB,Data Smasher,XEF1XJW2ZH,45.48,4,0,15.918
9310,AMER-2020-128237,3/25/2020,20200325,United States,AMER,NAMER,Procter & Gamble,1077,Consumer Products,SMB,ChatBot Plugin,627YVMJF3L,25.44,6,0,9.9216
4245,AMER-2020-138436,3/26/2020,20200326,United States,AMER,NAMER,General Motors,1041,Manufacturing,Strategic,Data Smasher,I6IK3V25L7,66.3,3,0,8.619
9052,AMER-2020-141838,3/26/2020,20200326,United States,AMER,NAMER,Procter & Gamble,1077,Consumer Products,Strategic,ChatBot Plugin,CYL97SGZW5,3.36,2,0,0.84
9053,AMER-2020-141838,3/26/2020,20200326,United States,AMER,NAMER,Procter & Gamble,1077,Consumer Products,Strategic,ContactMatcher,RZHCQZDO0I,27.936,4,0.2,9.4284
9054,AMER-2020-141838,3/26/2020,20200326,United States,AMER,NAMER,Procter & Gamble,1077,Consumer Products,Strategic,Site Analytics,3O25TUXF5H,28.784,2,0.2,2.8784
9660,AMER-2020-100860,3/26/2020,20200326,United States,AMER,NAMER,Allstate,1003,Finance,SMB,FinanceHub,T3NURF3EZL,18.75,5,0,9
7840,EMEA-2020-137869,3/28/2020,20200328,Netherlands,EMEA,EU-WEST,Cisco Systems,1019,Tech,SMB,SaaS Connector Pack - Gold,FZ3FM3TNI5,6.12,3,0,2.8764
7841,EMEA-2020-137869,3/28/2020,20200328,Netherlands,EMEA,EU-WEST,Cisco Systems,1019,Tech,SMB,ContactMatcher,3FX26VK1MK,1184.72,4,0,106.6248
8464,APJ-2020-100881,3/28/2020,20200328,New Zealand,APJ,ANZ,Glencore,1083,Misc,Enterprise,Site Analytics,T7LINTOKQQ,302.376,3,0.2,22.6782
9900,AMER-2020-117380,3/28/2020,20200328,Mexico,AMER,LATAM,Caterpillar,1016,Manufacturing,Enterprise,ContactMatcher,KZ5FO4X8S4,330.588,1,0.4,-143.2548
7306,APJ-2020-137274,3/29/2020,20200329,Japan,APJ,JAPN,General Electric,1040,Finance,SMB,ContactMatcher,QBIFMHLLHA,890.841,3,0.3,-152.7156
2897,EMEA-2020-169033,3/30/2020,20200330,United Kingdom,EMEA,UKIR,Mondelez International,1067,Consumer Products,SMB,ChatBot Plugin,RQB55YDJ8U,49.65,5,0,20.853
5284,AMER-2020-133424,3/30/2020,20200330,Canada,AMER,NAMER,Pemex,1058,Energy,Strategic,Marketing Suite - Gold,6R3YCC5A13,15.84,3,0,0
5285,AMER-2020-133424,3/30/2020,20200330,Canada,AMER,NAMER,Pemex,1058,Energy,Strategic,FinanceHub,K3HV71LHVB,44.4,3,0,22.2
5954,EMEA-2020-105151,3/30/2020,20200330,United Kingdom,EMEA,UKIR,Nestle,1089,Consumer Products,Strategic,ChatBot Plugin,11WKJNJRM4,10.5,5,0,2.94
6139,AMER-2020-131247,3/30/2020,20200330,United States,AMER,NAMER,General Electric,1040,Finance,SMB,Marketing Suite,0NGG1060Q7,205.666,2,0.15,-12.098
7630,APJ-2020-162089,3/30/2020,20200330,Japan,APJ,JAPN,HonHai Precision Industry,1033,Tech,Enterprise,SaaS Connector Pack - Gold,5OWYTV2D0I,335.72,5,0.2,113.3055
7631,APJ-2020-162089,3/30/2020,20200330,Japan,APJ,JAPN,HonHai Precision Industry,1033,Tech,Enterprise,Site Analytics,7URI2Q4ESJ,251.944,7,0.2,88.1804
7632,APJ-2020-162089,3/30/2020,20200330,Japan,APJ,JAPN,HonHai Precision Industry,1033,Tech,Enterprise,FinanceHub,271DOZEHKY,127.302,7,0.3,-9.093
8431,EMEA-2020-113124,3/30/2020,20200330,Luxembourg,EMEA,EU-WEST,Airbus,1030,Manufacturing,SMB,Marketing Suite - Gold,23K398KCAK,129.3,2,0,6.465
2230,AMER-2020-128055,3/31/2020,20200331,United States,AMER,NAMER,Chevron,1017,Energy,SMB,ContactMatcher,6451GF7VD8,673.568,2,0.2,252.588
2231,AMER-2020-128055,3/31/2020,20200331,United States,AMER,NAMER,Chevron,1017,Energy,SMB,OneView,W8KM7IREVC,52.98,2,0,14.8344
4712,EMEA-2020-112403,3/31/2020,20200331,France,EMEA,EU-WEST,ConocoPhillips,1024,Energy,SMB,ContactMatcher,70I5FHTYWV,0.852,1,0.7,-0.5964
5049,APJ-2020-104759,3/31/2020,20200331,Australia,APJ,ANZ,Aetna,1002,Healthcare,SMB,ContactMatcher,64GX6IXCEX,8.134,7,0.8,-13.8278
5050,APJ-2020-104759,3/31/2020,20200331,Australia,APJ,ANZ,Aetna,1002,Healthcare,SMB,Data Smasher,6TOE9VOG6G,79.984,2,0.2,13.9972
5480,EMEA-2020-101770,3/31/2020,20200331,Germany,EMEA,EU-WEST,Berkshire Hathaway,1012,Finance,Strategic,ContactMatcher,ADLA1XNIJX,1.869,1,0.7,-1.3083
9566,EMEA-2020-130428,3/31/2020,20200331,Germany,EMEA,EU-WEST,Itochu,1032,Finance,SMB,FinanceHub,VHUK7DJMVN,1125.488,7,0.2,98.4802
9567,EMEA-2020-130428,3/31/2020,20200331,Germany,EMEA,EU-WEST,Itochu,1032,Finance,SMB,ContactMatcher,URZD6OJTJO,12.645,5,0.7,-10.116
9568,EMEA-2020-130428,3/31/2020,20200331,Germany,EMEA,EU-WEST,Itochu,1032,Finance,SMB,ChatBot Plugin,GL7BD2D27S,4.032,2,0.2,1.0584
1373,AMER-2020-157021,4/1/2020,20200401,United States,AMER,NAMER,Mondelez International,1067,Consumer Products,SMB,FinanceHub,SAFZ22CRP1,29.6,2,0,14.8
1374,AMER-2020-157021,4/1/2020,20200401,United States,AMER,NAMER,Mondelez International,1067,Consumer Products,SMB,ContactMatcher,OXVI6F5AZD,17.088,4,0.2,5.5536
7954,APJ-2020-138359,4/1/2020,20200401,South Korea,APJ,APAC,ConocoPhillips,1024,Energy,Strategic,Marketing Suite - Gold,25X2DKWUML,66.96,4,0,2.6784
7955,APJ-2020-138359,4/1/2020,20200401,South Korea,APJ,APAC,ConocoPhillips,1024,Energy,Strategic,ContactMatcher,5DMHZZ617K,6.24,2,0,3.0576
5683,EMEA-2020-164315,4/2/2020,20200402,Finland,EMEA,NOR,Cigna,1038,Healthcare,SMB,Support,5CAI7OFWBB,15.84,3,0,7.128
5684,EMEA-2020-164315,4/2/2020,20200402,Finland,EMEA,NOR,Cigna,1038,Healthcare,SMB,Site Analytics,E1EOA6X97H,1049.93,7,0,293.9804
5685,EMEA-2020-164315,4/2/2020,20200402,Finland,EMEA,NOR,Cigna,1038,Healthcare,SMB,OneView,FGNYNQ4IPC,154.9,5,0,40.274
8827,APJ-2020-157847,4/2/2020,20200402,Japan,APJ,JAPN,ConocoPhillips,1024,Energy,SMB,Support,FRIYZ21TTE,26.72,5,0.2,9.352
8828,APJ-2020-157847,4/2/2020,20200402,Japan,APJ,JAPN,ConocoPhillips,1024,Energy,SMB,Support,RQES8O3GLE,33.488,7,0.2,10.465
8920,EMEA-2020-160276,4/2/2020,20200402,Spain,EMEA,EU-WEST,Walt Disney,1097,Communications,Strategic,SaaS Connector Pack,6EGAO2Z72F,177.68,2,0,46.1968
9884,AMER-2020-112291,4/3/2020,20200403,United States,AMER,NAMER,Tyson Foods,1088,Consumer Products,Strategic,SaaS Connector Pack - Gold,MESH1IELNS,11.16,2,0,5.58
9885,AMER-2020-112291,4/3/2020,20200403,United States,AMER,NAMER,Tyson Foods,1088,Consumer Products,Strategic,Data Smasher,ZCXGTMUIFR,62.31,3,0,22.4316
9886,AMER-2020-112291,4/3/2020,20200403,United States,AMER,NAMER,Tyson Foods,1088,Consumer Products,Strategic,Data Smasher,0IM8YW5WZG,159.98,2,0,57.5928
1561,AMER-2020-105172,4/4/2020,20200404,United States,AMER,NAMER,AT&T,1010,Communications,Enterprise,FinanceHub,F84V88OF5N,18.9,6,0,9.072
3955,AMER-2020-133228,4/4/2020,20200404,Brazil,AMER,LATAM,Marathon Petroleum,1061,Energy,SMB,SaaS Connector Pack,1AMDZS6X4K,5.47,1,0,2.3521
3956,AMER-2020-133228,4/4/2020,20200404,Brazil,AMER,LATAM,Marathon Petroleum,1061,Energy,SMB,ChatBot Plugin,TCSNIYTD4Y,79.36,4,0,23.808
4845,AMER-2020-128685,4/4/2020,20200404,United States,AMER,NAMER,Allstate,1003,Finance,Strategic,ContactMatcher,YWSRCD0TBQ,7.184,2,0.2,2.245
5121,EMEA-2020-149538,4/4/2020,20200404,Czech Republic,EMEA,EU-EAST,Carrefour,1048,Retail,Strategic,Marketing Suite - Gold,PASA59G1CQ,232.55,5,0,9.302
5122,EMEA-2020-149538,4/4/2020,20200404,Czech Republic,EMEA,EU-EAST,Carrefour,1048,Retail,Strategic,Data Smasher,YMTQ7CNI44,99.98,2,0,42.9914
5123,EMEA-2020-149538,4/4/2020,20200404,Czech Republic,EMEA,EU-EAST,Carrefour,1048,Retail,Strategic,Support,F65S666ZPO,19.44,3,0,9.3312
5124,EMEA-2020-149538,4/4/2020,20200404,Czech Republic,EMEA,EU-EAST,Carrefour,1048,Retail,Strategic,Support,62Z30WBKIP,12.96,2,0,6.3504
711,EMEA-2020-113887,4/5/2020,20200405,United Kingdom,EMEA,UKIR,BMW,1039,Manufacturing,Enterprise,Support,D6W248UWC0,55.48,1,0,26.6304
3277,EMEA-2020-102988,4/5/2020,20200405,Spain,EMEA,EU-WEST,Panasonic,1091,Tech,Strategic,ChatBot Plugin,BOV68ETZQG,22.96,7,0,7.5768
3278,EMEA-2020-102988,4/5/2020,20200405,Spain,EMEA,EU-WEST,Panasonic,1091,Tech,Strategic,Site Analytics,8G4ZUGNFEE,28.99,1,0,8.4071
3279,EMEA-2020-102988,4/5/2020,20200405,Spain,EMEA,EU-WEST,Panasonic,1091,Tech,Strategic,Support,X3PX91X7FL,12.96,2,0,6.3504
3280,EMEA-2020-102988,4/5/2020,20200405,Spain,EMEA,EU-WEST,Panasonic,1091,Tech,Strategic,ChatBot Plugin,TL3XF563H5,22.96,7,0,6.6584
3281,EMEA-2020-102988,4/5/2020,20200405,Spain,EMEA,EU-WEST,Panasonic,1091,Tech,Strategic,Support,IQ4H9VWA5D,4164.05,5,0,83.281
3879,APJ-2020-151001,4/5/2020,20200405,Australia,APJ,ANZ,Daimler,1052,Transportation,Strategic,Marketing Suite - Gold,VIKT1717HT,49.632,4,0.2,3.7224
3880,APJ-2020-151001,4/5/2020,20200405,Australia,APJ,ANZ,Daimler,1052,Transportation,Strategic,Marketing Suite - Gold,3SK19OCBRB,52.096,4,0.2,3.9072
9507,AMER-2020-149104,4/5/2020,20200405,Brazil,AMER,LATAM,Mondelez International,1067,Consumer Products,SMB,ChatBot Plugin,O74ADQRU2R,26.7,2,0,7.476
9508,AMER-2020-149104,4/5/2020,20200405,Brazil,AMER,LATAM,Mondelez International,1067,Consumer Products,SMB,ContactMatcher,KY7EV3KI8P,40.2,5,0,18.09
9509,AMER-2020-149104,4/5/2020,20200405,Brazil,AMER,LATAM,Mondelez International,1067,Consumer Products,SMB,ChatBot Plugin,FWYM78FEJM,13.89,3,0,4.5837
9510,AMER-2020-149104,4/5/2020,20200405,Brazil,AMER,LATAM,Mondelez International,1067,Consumer Products,SMB,Marketing Suite - Gold,R3X39W0FP6,689.82,6,0,20.6946
9912,EMEA-2020-157231,4/5/2020,20200405,United Kingdom,EMEA,UKIR,Sony,1028,Tech,Strategic,ContactMatcher,8M91IS12AH,115.36,7,0,56.5264
869,EMEA-2020-136742,4/6/2020,20200406,France,EMEA,EU-WEST,News Corp.,1071,Misc,Strategic,ContactMatcher,9RHZXK1QW6,44.91,6,0.7,-35.928
1405,EMEA-2020-118486,4/6/2020,20200406,France,EMEA,EU-WEST,BMW,1039,Manufacturing,Enterprise,Support,U9HAO3VA0B,10.304,1,0.2,-2.1896
1406,EMEA-2020-118486,4/6/2020,20200406,France,EMEA,EU-WEST,BMW,1039,Manufacturing,Enterprise,ContactMatcher,GXKQRR8UM7,154.764,3,0.4,-36.1116
1407,EMEA-2020-118486,4/6/2020,20200406,France,EMEA,EU-WEST,BMW,1039,Manufacturing,Enterprise,Data Smasher,07UZUN54CR,116.784,2,0.2,21.897
5036,AMER-2020-169803,4/6/2020,20200406,Canada,AMER,NAMER,Marathon Petroleum,1061,Energy,Strategic,ContactMatcher,JVXZK88I1J,653.55,3,0,111.1035
5037,AMER-2020-169803,4/6/2020,20200406,Canada,AMER,NAMER,Marathon Petroleum,1061,Energy,Strategic,Data Smasher,XBOEQ4X3LM,33.9,2,0,2.034
6016,AMER-2020-102652,4/6/2020,20200406,United States,AMER,NAMER,Panasonic,1091,Tech,Strategic,SaaS Connector Pack,4ADBF7II3M,91.96,2,0,15.6332
6017,AMER-2020-102652,4/6/2020,20200406,United States,AMER,NAMER,Panasonic,1091,Tech,Strategic,SaaS Connector Pack,Y490YS8J8A,33.11,7,0,12.9129
6018,AMER-2020-102652,4/6/2020,20200406,United States,AMER,NAMER,Panasonic,1091,Tech,Strategic,Support,TW5WYENLS6,19.44,3,0,9.3312
6019,AMER-2020-102652,4/6/2020,20200406,United States,AMER,NAMER,Panasonic,1091,Tech,Strategic,Support,EKDPYODB5U,55.48,1,0,26.6304
8839,AMER-2020-153808,4/6/2020,20200406,United States,AMER,NAMER,CVS Health,1026,Retail,Strategic,ChatBot Plugin,T7HGJMTZ63,70.95,3,0,18.447
8840,AMER-2020-153808,4/6/2020,20200406,United States,AMER,NAMER,CVS Health,1026,Retail,Strategic,ContactMatcher,GKOPQEU8RG,65.568,2,0.2,23.7684
8841,AMER-2020-153808,4/6/2020,20200406,United States,AMER,NAMER,CVS Health,1026,Retail,Strategic,Data Smasher,371JOX26ZT,299.97,3,0,131.9868
3482,EMEA-2020-124023,4/7/2020,20200407,Portugal,EMEA,EU-WEST,Pemex,1058,Energy,SMB,SaaS Connector Pack,A1JRA9SIWZ,8.96,2,0,2.7776
4177,AMER-2020-128846,4/7/2020,20200407,Colombia,AMER,LATAM,Caterpillar,1016,Manufacturing,Strategic,Site Analytics,GNPY6XQ3WJ,629.95,5,0,163.787
4178,AMER-2020-128846,4/7/2020,20200407,Colombia,AMER,LATAM,Caterpillar,1016,Manufacturing,Strategic,Support,CR6KSV88L5,122.97,3,0,60.2553
6253,EMEA-2020-165806,4/7/2020,20200407,Finland,EMEA,NOR,BMW,1039,Manufacturing,Enterprise,Support,Z1DV99BS4Z,58.32,9,0,27.9936
6254,EMEA-2020-165806,4/7/2020,20200407,Finland,EMEA,NOR,BMW,1039,Manufacturing,Enterprise,Site Analytics,PVOJKOIP08,200.97,3,0,50.2425
3836,AMER-2020-100363,4/8/2020,20200408,Chile,AMER,LATAM,Carrefour,1048,Retail,Strategic,Storage,0O2MCUTMFW,2.368,2,0.2,0.8288
3837,AMER-2020-100363,4/8/2020,20200408,Chile,AMER,LATAM,Carrefour,1048,Retail,Strategic,Support,7ZEJI08M1P,19.008,3,0.2,6.8904
5927,EMEA-2020-118997,4/8/2020,20200408,Portugal,EMEA,EU-WEST,Siemens,1043,Manufacturing,Strategic,ContactMatcher,423281L25V,1215.92,8,0,316.1392
6381,AMER-2020-163797,4/8/2020,20200408,Chile,AMER,LATAM,BNP Paribas,1065,Finance,Enterprise,Storage,YOJTKQN2KR,49.792,8,0.2,-11.8256
7047,AMER-2020-150581,4/8/2020,20200408,United States,AMER,NAMER,Itochu,1032,Finance,Enterprise,ContactMatcher,2KB81GML2O,99.592,1,0.2,2.4898
7048,AMER-2020-150581,4/8/2020,20200408,United States,AMER,NAMER,Itochu,1032,Finance,Enterprise,Data Smasher,ZROMP9KX6E,399.96,4,0,139.986
7410,AMER-2020-121769,4/8/2020,20200408,Mexico,AMER,LATAM,American Express,1005,Finance,SMB,ContactMatcher,CKN6MELW20,172.11,1,0.4,-94.6605
3774,EMEA-2020-102715,4/11/2020,20200411,Germany,EMEA,EU-WEST,Itochu,1032,Finance,SMB,Storage,E05MTHISOH,6.912,3,0.2,2.3328
3775,EMEA-2020-102715,4/11/2020,20200411,Germany,EMEA,EU-WEST,Itochu,1032,Finance,SMB,Data Smasher,U3A6NI4THO,383.976,3,0.2,81.5949
3776,EMEA-2020-102715,4/11/2020,20200411,Germany,EMEA,EU-WEST,Itochu,1032,Finance,SMB,Support,JPZ0096P1Z,10.368,2,0.2,3.6288
3777,EMEA-2020-102715,4/11/2020,20200411,Germany,EMEA,EU-WEST,Itochu,1032,Finance,SMB,Data Smasher,8I9M49IH7Y,335.944,7,0.2,41.993
4578,APJ-2020-121734,4/11/2020,20200411,Taiwan,APJ,APAC,Honda Motor,1045,Manufacturing,SMB,ContactMatcher,C7H5H5TRNM,9.584,1,0.2,3.3544
4862,APJ-2020-138940,4/11/2020,20200411,Japan,APJ,JAPN,Fannie Mae,1035,Finance,Enterprise,Site Analytics,YJS57OOS22,758.352,6,0.2,265.4232
8358,EMEA-2020-110555,4/11/2020,20200411,Netherlands,EMEA,EU-WEST,HSBC Holdings,1070,Finance,SMB,Marketing Suite - Gold,3BC49N3R4T,87.08,7,0,24.3824
8359,EMEA-2020-110555,4/11/2020,20200411,Netherlands,EMEA,EU-WEST,HSBC Holdings,1070,Finance,SMB,Site Analytics,WRNMSGA3EJ,105.584,2,0.2,9.2386
8360,EMEA-2020-110555,4/11/2020,20200411,Netherlands,EMEA,EU-WEST,HSBC Holdings,1070,Finance,SMB,Data Smasher,R9VKOMD8SO,217.44,6,0,91.3248
2794,AMER-2020-154599,4/12/2020,20200412,United States,AMER,NAMER,Mondelez International,1067,Consumer Products,Strategic,Site Analytics,HRCXUVQ89F,1075.088,14,0.2,94.0702
2795,AMER-2020-154599,4/12/2020,20200412,United States,AMER,NAMER,Mondelez International,1067,Consumer Products,Strategic,Site Analytics,H56HITD8TF,438.368,4,0.2,38.3572
2796,AMER-2020-154599,4/12/2020,20200412,United States,AMER,NAMER,Mondelez International,1067,Consumer Products,Strategic,ContactMatcher,PNHHOJTOB6,18.088,7,0.2,6.5569
2797,AMER-2020-154599,4/12/2020,20200412,United States,AMER,NAMER,Mondelez International,1067,Consumer Products,Strategic,Marketing Suite,B3G7JK2WCN,308.499,3,0.15,-18.147
9098,APJ-2020-158365,4/12/2020,20200412,India,APJ,IND,Philip Morris International,1075,Consumer Products,SMB,Support,OGJVJ9EELL,32.4,5,0,15.552
9850,AMER-2020-142979,4/12/2020,20200412,United States,AMER,NAMER,Allianz,1080,Finance,Strategic,ChatBot Plugin,UAON5J5662,39.68,2,0,16.2688
341,EMEA-2020-122336,4/13/2020,20200413,France,EMEA,EU-WEST,General Motors,1041,Manufacturing,Strategic,ChatBot Plugin,6FJY3OGC04,17.856,4,0.2,1.116
342,EMEA-2020-122336,4/13/2020,20200413,France,EMEA,EU-WEST,General Motors,1041,Manufacturing,Strategic,ContactMatcher,CDPVLL2H9E,509.97,10,0.7,-407.976
343,EMEA-2020-122336,4/13/2020,20200413,France,EMEA,EU-WEST,General Motors,1041,Manufacturing,Strategic,Storage,P3EHOK62ZE,30.992,13,0.2,10.0724
344,EMEA-2020-122336,4/13/2020,20200413,France,EMEA,EU-WEST,General Motors,1041,Manufacturing,Strategic,Site Analytics,6SNTAK0OF7,71.928,12,0.4,8.3916
6708,APJ-2020-167724,4/13/2020,20200413,China,APJ,APAC,Cisco Systems,1019,Tech,Enterprise,FinanceHub,IPEZ1NGMWG,7.83,3,0,3.6018
7657,AMER-2020-120740,4/15/2020,20200415,United States,AMER,NAMER,Abbott Laboratories,1001,Healthcare,Enterprise,OneView,E3YP2RB5CT,106.96,2,0,31.0184
7658,AMER-2020-120740,4/15/2020,20200415,United States,AMER,NAMER,Abbott Laboratories,1001,Healthcare,Enterprise,SaaS Connector Pack,5C3W1ZADCH,187.76,4,0,76.9816
404,EMEA-2020-155208,4/16/2020,20200416,Sweden,EMEA,NOR,Engie,1062,Energy,Strategic,ChatBot Plugin,V0X8WESW8Y,39.072,6,0.2,9.768
3533,AMER-2020-110849,4/18/2020,20200418,United States,AMER,NAMER,Aetna,1002,Healthcare,SMB,Big Ol Database,48UEDI42ND,287.968,4,0.2,97.1892
3534,AMER-2020-110849,4/18/2020,20200418,United States,AMER,NAMER,Aetna,1002,Healthcare,SMB,ChatBot Plugin,JBRDH3LCLH,13.12,4,0,3.8048
3535,AMER-2020-110849,4/18/2020,20200418,United States,AMER,NAMER,Aetna,1002,Healthcare,SMB,ChatBot Plugin,NRJZ5W7RQB,10.75,5,0,3.5475
3536,AMER-2020-110849,4/18/2020,20200418,United States,AMER,NAMER,Aetna,1002,Healthcare,SMB,Storage,RSMY4HGSEQ,11.62,2,0,3.6022
6569,APJ-2020-100678,4/18/2020,20200418,Japan,APJ,JAPN,Mondelez International,1067,Consumer Products,SMB,ChatBot Plugin,9CKJU57BER,2.688,2,0.2,1.008
6570,APJ-2020-100678,4/18/2020,20200418,Japan,APJ,JAPN,Mondelez International,1067,Consumer Products,SMB,FinanceHub,EXQ22TSP6J,317.058,3,0.3,-18.1176
6571,APJ-2020-100678,4/18/2020,20200418,Japan,APJ,JAPN,Mondelez International,1067,Consumer Products,SMB,SaaS Connector Pack - Gold,XHXHSEWFXD,149.352,3,0.2,50.4063
6572,APJ-2020-100678,4/18/2020,20200418,Japan,APJ,JAPN,Mondelez International,1067,Consumer Products,SMB,Data Smasher,FVPMDANKXU,227.976,3,0.2,28.497
4570,AMER-2020-169460,4/19/2020,20200419,United States,AMER,NAMER,Samsung Electronics,1015,Tech,Enterprise,SaaS Connector Pack,1FL278NXDU,76.14,3,0,26.649
7843,EMEA-2020-158470,4/19/2020,20200419,Spain,EMEA,EU-WEST,Walgreens,1095,Retail,SMB,ContactMatcher,ODJ7EAKNMB,58.05,3,0,26.703
7844,EMEA-2020-158470,4/19/2020,20200419,Spain,EMEA,EU-WEST,Walgreens,1095,Retail,SMB,Support,VXM6MZV9NV,71.28,11,0,34.2144
5076,APJ-2020-134572,4/20/2020,20200420,Japan,APJ,JAPN,Wells Fargo,1099,Finance,SMB,ContactMatcher,KP2X0033OH,744.1,5,0.3,-95.67
5077,APJ-2020-134572,4/20/2020,20200420,Japan,APJ,JAPN,Wells Fargo,1099,Finance,SMB,Marketing Suite - Gold,UTBBKULU7W,44.84,5,0.2,5.605
5078,APJ-2020-134572,4/20/2020,20200420,Japan,APJ,JAPN,Wells Fargo,1099,Finance,SMB,ContactMatcher,WSXVJPVW4M,401.59,2,0.3,-131.951
6850,AMER-2020-101462,4/20/2020,20200420,United States,AMER,NAMER,Walt Disney,1097,Communications,SMB,SaaS Connector Pack,9A6FU3L3XD,59.92,4,0,27.5632
1173,AMER-2020-158064,4/21/2020,20200421,United States,AMER,NAMER,Comcast,1022,Communications,SMB,ContactMatcher,339ICIGWV1,16.52,5,0.2,5.5755
9075,EMEA-2020-136336,4/21/2020,20200421,Ireland,EMEA,UKIR,Valero Energy,1093,Energy,Strategic,Marketing Suite - Gold,D20XU4XR1P,828.84,6,0,0
7164,EMEA-2020-122070,4/22/2020,20200422,United Kingdom,EMEA,UKIR,Abbott Laboratories,1001,Healthcare,Strategic,SaaS Connector Pack - Gold,883816BFYS,247.84,8,0,121.4416
7165,EMEA-2020-122070,4/22/2020,20200422,United Kingdom,EMEA,UKIR,Abbott Laboratories,1001,Healthcare,Strategic,ContactMatcher,5U2GTC4S2P,9.912,3,0.2,3.3453
1449,EMEA-2020-112564,4/23/2020,20200423,France,EMEA,EU-WEST,Allianz,1080,Finance,Strategic,ContactMatcher,UR4LAK9168,2.502,3,0.7,-1.7514
3406,AMER-2020-150119,4/23/2020,20200423,Mexico,AMER,LATAM,Itochu,1032,Finance,Enterprise,FinanceHub,KUQ229Y2EX,281.372,2,0.3,-12.0588
3407,AMER-2020-150119,4/23/2020,20200423,Mexico,AMER,LATAM,Itochu,1032,Finance,Enterprise,FinanceHub,TMZYTXLB5T,281.372,2,0.3,-12.0588
3408,AMER-2020-150119,4/23/2020,20200423,Mexico,AMER,LATAM,Itochu,1032,Finance,Enterprise,ContactMatcher,RGI1YUWB3S,7.488,8,0.7,-5.2416
3409,AMER-2020-150119,4/23/2020,20200423,Mexico,AMER,LATAM,Itochu,1032,Finance,Enterprise,SaaS Connector Pack,ZLM0BHQTD3,22.336,4,0.2,7.8176
9290,AMER-2020-111857,4/23/2020,20200423,United States,AMER,NAMER,Itochu,1032,Finance,Enterprise,Support,GUJAXXIC59,48.91,1,0,22.9877
1749,APJ-2020-157406,4/25/2020,20200425,Japan,APJ,JAPN,Kroger,1057,Retail,Enterprise,Support,58F1VAQRDA,10.368,2,0.2,3.6288
1750,APJ-2020-157406,4/25/2020,20200425,Japan,APJ,JAPN,Kroger,1057,Retail,Enterprise,ChatBot Plugin,0LCPNTEW6C,6.24,3,0.2,0.546
2714,EMEA-2020-110100,4/25/2020,20200425,Sweden,EMEA,NOR,CVS Health,1026,Retail,SMB,Site Analytics,1054YDVY8W,302.376,3,0.2,37.797
4376,AMER-2020-166954,4/25/2020,20200425,United States,AMER,NAMER,Citigroup,1020,Finance,Enterprise,SaaS Connector Pack,P9WBU708B9,303.25,5,0,63.6825
4377,AMER-2020-166954,4/25/2020,20200425,United States,AMER,NAMER,Citigroup,1020,Finance,Enterprise,OneView,PKUFOO2940,270.72,3,0,78.5088
4378,AMER-2020-166954,4/25/2020,20200425,United States,AMER,NAMER,Citigroup,1020,Finance,Enterprise,FinanceHub,6FJCT04HRR,1487.04,5,0.2,148.704
2615,AMER-2020-147298,4/26/2020,20200426,United States,AMER,NAMER,Costco Wholesale,1025,Retail,Strategic,FinanceHub,1IL5UM2I5S,230.28,3,0.2,23.028
2616,AMER-2020-147298,4/26/2020,20200426,United States,AMER,NAMER,Costco Wholesale,1025,Retail,Strategic,ContactMatcher,AS16AAICL6,18.288,6,0.2,5.715
7197,AMER-2020-116785,4/26/2020,20200426,United States,AMER,NAMER,Intel,1051,Tech,Enterprise,ChatBot Plugin,64PUDRNAW6,21.4,5,0,6.206
7198,AMER-2020-116785,4/26/2020,20200426,United States,AMER,NAMER,Intel,1051,Tech,Enterprise,FinanceHub,IWH0SZK39B,12.6,2,0,5.796
1774,APJ-2020-118976,4/28/2020,20200428,China,APJ,APAC,BNP Paribas,1065,Finance,Strategic,ContactMatcher,4GKMWJQFWD,20.86,2,0,9.387
1775,APJ-2020-118976,4/28/2020,20200428,China,APJ,APAC,BNP Paribas,1065,Finance,Strategic,Marketing Suite - Gold,RHSB5B3210,497.61,9,0,129.3786
1776,APJ-2020-118976,4/28/2020,20200428,China,APJ,APAC,BNP Paribas,1065,Finance,Strategic,ChatBot Plugin,2Q2RN4W5RR,5.34,2,0,1.4952
1777,APJ-2020-118976,4/28/2020,20200428,China,APJ,APAC,BNP Paribas,1065,Finance,Strategic,FinanceHub,3OAGE6T1XY,3.15,1,0,1.512
3609,AMER-2020-140228,4/28/2020,20200428,Mexico,AMER,LATAM,Walgreens,1095,Retail,Strategic,FinanceHub,N14NTDUUB7,6.912,3,0.2,2.5056
3610,AMER-2020-140228,4/28/2020,20200428,Mexico,AMER,LATAM,Walgreens,1095,Retail,Strategic,Marketing Suite - Gold,99MVG19UZD,27.096,3,0.2,2.0322
3611,AMER-2020-140228,4/28/2020,20200428,Mexico,AMER,LATAM,Walgreens,1095,Retail,Strategic,Marketing Suite - Gold,JMCGFFVCQX,177.568,2,0.2,-37.7332
8452,AMER-2020-131387,4/28/2020,20200428,United States,AMER,NAMER,FedEx,1036,Transportation,SMB,Site Analytics,3J5MI3J9SE,1679.96,5,0.2,125.997
8921,EMEA-2020-132983,4/28/2020,20200428,United Kingdom,EMEA,UKIR,Wells Fargo,1099,Finance,Strategic,Data Smasher,YL4K88D3ZO,159.98,2,0,57.5928
885,EMEA-2020-134061,4/29/2020,20200429,United Kingdom,EMEA,UKIR,Aetna,1002,Healthcare,SMB,SaaS Connector Pack,3HMNW2LEUI,17.46,2,0,5.9364
2891,EMEA-2020-142727,4/29/2020,20200429,Czech Republic,EMEA,EU-EAST,Apple,1008,Tech,SMB,FinanceHub,F66LCY0O5L,51.96,2,0,12.99
2892,EMEA-2020-142727,4/29/2020,20200429,Czech Republic,EMEA,EU-EAST,Apple,1008,Tech,SMB,ContactMatcher,2RTW8R69KM,17.94,3,0,8.6112
6375,EMEA-2020-107811,4/29/2020,20200429,South Africa,EMEA,MEA,Intel,1051,Tech,Strategic,FinanceHub,SOHJLQAN2Z,561.584,2,0.2,70.198
6376,EMEA-2020-107811,4/29/2020,20200429,South Africa,EMEA,MEA,Intel,1051,Tech,Strategic,Marketing Suite - Gold,DI6I9PSZ5U,99.92,5,0.2,-1.249
8267,APJ-2020-118304,4/29/2020,20200429,Philippines,APJ,APAC,Costco Wholesale,1025,Retail,SMB,Site Analytics,8BT1F3ORWK,19.98,2,0,5.1948
5005,EMEA-2020-156006,4/30/2020,20200430,Ukraine,EMEA,EU-EAST,Sysco,1084,Consumer Products,SMB,Data Smasher,VWWENTQVHA,47.79,3,0,16.2486
8636,EMEA-2020-160094,4/30/2020,20200430,Ireland,EMEA,UKIR,Bosch,1076,Tech,SMB,ChatBot Plugin,3FAKLZF8BD,174.95,5,0,45.487
8637,EMEA-2020-160094,4/30/2020,20200430,Ireland,EMEA,UKIR,Bosch,1076,Tech,SMB,Marketing Suite - Gold,8S15U5TM0M,826,5,0,214.76
5825,AMER-2020-115056,5/2/2020,20200502,Mexico,AMER,LATAM,PepsiCo,1073,Consumer Products,SMB,OneView,V5V1SXLHBT,26.136,3,0.2,1.9602
7037,EMEA-2020-124618,5/2/2020,20200502,Germany,EMEA,EU-WEST,Goldman Sachs Group,1042,Finance,SMB,Alchemy,8JPDYU5ZAM,479.984,2,0.2,89.997
1553,EMEA-2020-130274,5/3/2020,20200503,Italy,EMEA,EU,Exxon Mobil,1034,Energy,Enterprise,FinanceHub,Z0JUCGWNTV,21.56,7,0,10.3488
3862,EMEA-2020-135755,5/3/2020,20200503,United Kingdom,EMEA,UKIR,Itochu,1032,Finance,SMB,ContactMatcher,ADTZ1Z6JWO,40.176,3,0.2,14.5638
3863,EMEA-2020-135755,5/3/2020,20200503,United Kingdom,EMEA,UKIR,Itochu,1032,Finance,SMB,ContactMatcher,HJDCEMOALE,10.896,3,0.2,3.9498
1166,AMER-2020-117709,5/4/2020,20200504,Brazil,AMER,LATAM,PepsiCo,1073,Consumer Products,SMB,ContactMatcher,5AA9ABLZM6,46.8,4,0,21.06
1460,EMEA-2020-155271,5/4/2020,20200504,Saudi Arabia,EMEA,MEA,Engie,1062,Energy,SMB,SaaS Connector Pack,TG98BNT7O4,27.46,2,0,9.8856
7296,APJ-2020-111899,5/4/2020,20200504,Japan,APJ,JAPN,Airbus,1030,Manufacturing,SMB,ChatBot Plugin,VK407BHAPK,37.84,2,0.2,2.838
7297,APJ-2020-111899,5/4/2020,20200504,Japan,APJ,JAPN,Airbus,1030,Manufacturing,SMB,Storage,S1CU4H0FKR,5.472,6,0.2,1.8468
7999,AMER-2020-148194,5/4/2020,20200504,Canada,AMER,NAMER,Lowes,1060,Retail,Strategic,SaaS Connector Pack,PWMCT4KYZQ,12.18,7,0,3.8976
8000,AMER-2020-148194,5/4/2020,20200504,Canada,AMER,NAMER,Lowes,1060,Retail,Strategic,OneView,LA9XX3FJDJ,57.68,4,0,19.0344
4212,EMEA-2020-166457,5/5/2020,20200505,Ireland,EMEA,UKIR,Humana,1049,Healthcare,SMB,Support,K8JI0SXKYI,9.42,3,0,4.239
4213,EMEA-2020-166457,5/5/2020,20200505,Ireland,EMEA,UKIR,Humana,1049,Healthcare,SMB,ChatBot Plugin,45FBP2KRVK,6.56,2,0,1.9024
4214,EMEA-2020-166457,5/5/2020,20200505,Ireland,EMEA,UKIR,Humana,1049,Healthcare,SMB,Support,YDAYEMFBUF,24.56,2,0,11.5432
4560,APJ-2020-110219,5/5/2020,20200505,Japan,APJ,JAPN,McKesson,1063,Consumer Products,SMB,FinanceHub,H0POQ3CIS5,127.869,3,0.3,-9.1335
4656,APJ-2020-160738,5/5/2020,20200505,Australia,APJ,ANZ,ConocoPhillips,1024,Energy,Strategic,Marketing Suite - Gold,I0J1G6IVWB,45.248,2,0.2,3.9592
8596,EMEA-2020-111934,5/5/2020,20200505,Spain,EMEA,EU-WEST,UnitedHealth Group,1092,Healthcare,Strategic,ContactMatcher,E8BDZPRWWU,11.88,2,0,5.346
8597,EMEA-2020-111934,5/5/2020,20200505,Spain,EMEA,EU-WEST,UnitedHealth Group,1092,Healthcare,Strategic,Support,W7WVLD80Z6,35.44,1,0,16.6568
1335,AMER-2020-121664,5/6/2020,20200506,United States,AMER,NAMER,Pfizer,1074,Healthcare,Enterprise,ContactMatcher,NE86RU5H3Z,140.736,8,0.2,52.776
4410,AMER-2020-154879,5/6/2020,20200506,United States,AMER,NAMER,Banco Santander,1101,Finance,Enterprise,FinanceHub,JHKJFAE9D5,5.78,2,0,2.7166
4411,AMER-2020-154879,5/6/2020,20200506,United States,AMER,NAMER,Banco Santander,1101,Finance,Enterprise,ChatBot Plugin,Q654FACZF6,107.94,6,0,30.2232
6563,APJ-2020-166086,5/7/2020,20200507,South Korea,APJ,APAC,Johnson & Johnson,1055,Healthcare,SMB,ContactMatcher,GQYCRS7V47,16.14,3,0,7.9086
6564,APJ-2020-166086,5/7/2020,20200507,South Korea,APJ,APAC,Johnson & Johnson,1055,Healthcare,SMB,ContactMatcher,SRGP2A1M2F,194.25,2,0.3,-38.85
6565,APJ-2020-166086,5/7/2020,20200507,South Korea,APJ,APAC,Johnson & Johnson,1055,Healthcare,SMB,ChatBot Plugin,6SRV7QHRZ2,8.64,3,0,2.5056
6566,APJ-2020-166086,5/7/2020,20200507,South Korea,APJ,APAC,Johnson & Johnson,1055,Healthcare,SMB,FinanceHub,SDGVYV26R5,872.32,4,0,244.2496
8800,EMEA-2020-116666,5/8/2020,20200508,France,EMEA,EU-WEST,Ford Motor,1009,Manufacturing,SMB,Alchemy,IA5VBJ5D6J,1799.97,5,0.4,239.996
825,AMER-2020-102071,5/9/2020,20200509,United States,AMER,NAMER,Lowes,1060,Retail,SMB,Data Smasher,4V8C7D3OCF,67.8,4,0,4.068
826,AMER-2020-102071,5/9/2020,20200509,United States,AMER,NAMER,Lowes,1060,Retail,SMB,Data Smasher,Z1VANFRH9I,167.97,3,0,40.3128
3538,EMEA-2020-158771,5/9/2020,20200509,Ireland,EMEA,UKIR,HonHai Precision Industry,1033,Tech,Strategic,Marketing Suite - Gold,7V4KIXM7Q4,83.25,3,0,14.985
3539,EMEA-2020-158771,5/9/2020,20200509,Ireland,EMEA,UKIR,HonHai Precision Industry,1033,Tech,Strategic,FinanceHub,0FAPKRM9O6,9.45,3,0,4.536
3540,EMEA-2020-158771,5/9/2020,20200509,Ireland,EMEA,UKIR,HonHai Precision Industry,1033,Tech,Strategic,FinanceHub,C1PVYHNKV9,20.65,5,0,9.499
3541,EMEA-2020-158771,5/9/2020,20200509,Ireland,EMEA,UKIR,HonHai Precision Industry,1033,Tech,Strategic,Support,O7U2W7SC0L,45.36,7,0,21.7728
5197,AMER-2020-159709,5/10/2020,20200510,Canada,AMER,NAMER,FedEx,1036,Transportation,SMB,SaaS Connector Pack - Gold,8FC10FJHIQ,158.13,3,0,77.4837
5198,AMER-2020-159709,5/10/2020,20200510,Canada,AMER,NAMER,FedEx,1036,Transportation,SMB,Site Analytics,RTIPPORFOG,43.6,5,0.2,4.36
7555,EMEA-2020-114181,5/10/2020,20200510,France,EMEA,EU-WEST,McKesson,1063,Consumer Products,SMB,Marketing Suite,WLGZ822XIV,349.965,7,0.5,-216.9783
7556,EMEA-2020-114181,5/10/2020,20200510,France,EMEA,EU-WEST,McKesson,1063,Consumer Products,SMB,ChatBot Plugin,1QLT6XH1RH,22.32,5,0.2,5.301
9197,AMER-2020-103310,5/10/2020,20200510,United States,AMER,NAMER,Intel,1051,Tech,SMB,Support,N1NVWWWUVV,39.96,2,0,19.1808
9198,AMER-2020-103310,5/10/2020,20200510,United States,AMER,NAMER,Intel,1051,Tech,SMB,Site Analytics,J619AAPNDK,1432,5,0.2,125.3
9199,AMER-2020-103310,5/10/2020,20200510,United States,AMER,NAMER,Intel,1051,Tech,SMB,Support,I9H0XVSZ7G,41.04,6,0,11.0808
9200,AMER-2020-103310,5/10/2020,20200510,United States,AMER,NAMER,Intel,1051,Tech,SMB,FinanceHub,S1JLGM9SFV,256.784,1,0.2,32.098
544,APJ-2020-103849,5/11/2020,20200511,Japan,APJ,JAPN,Daimler,1052,Transportation,SMB,Data Smasher,BLDB6GEGRG,58.112,2,0.2,7.264
545,APJ-2020-103849,5/11/2020,20200511,Japan,APJ,JAPN,Daimler,1052,Transportation,SMB,Site Analytics,MKQUT4BK6G,100.792,1,0.2,6.2995
546,APJ-2020-103849,5/11/2020,20200511,Japan,APJ,JAPN,Daimler,1052,Transportation,SMB,SaaS Connector Pack,7BUQDEB68Q,66.112,4,0.6,-84.2928
1759,APJ-2020-139017,5/11/2020,20200511,Japan,APJ,JAPN,News Corp.,1071,Misc,SMB,Data Smasher,OLOZIS2X9S,46.864,2,0.2,7.6154
4125,EMEA-2020-127523,5/11/2020,20200511,United Kingdom,EMEA,UKIR,Pfizer,1074,Healthcare,Strategic,OneView,DJ95YFWEW2,35.91,3,0,9.6957
9429,APJ-2020-152100,5/11/2020,20200511,Japan,APJ,JAPN,Tyson Foods,1088,Consumer Products,Strategic,FinanceHub,CY1YY5EYDW,1212.96,8,0.3,-69.312
9590,APJ-2020-119172,5/11/2020,20200511,Australia,APJ,ANZ,Pfizer,1074,Healthcare,Enterprise,Support,7N2BP06BME,17.472,3,0.2,5.6784
9591,APJ-2020-119172,5/11/2020,20200511,Australia,APJ,ANZ,Pfizer,1074,Healthcare,Enterprise,ContactMatcher,MOAFVAFCEL,104.58,9,0.8,-172.557
1658,EMEA-2020-127159,5/12/2020,20200512,Italy,EMEA,EU,Lowes,1060,Retail,SMB,SaaS Connector Pack,8CQIO9UJF4,34.79,7,0,10.7849
2747,APJ-2020-155887,5/12/2020,20200512,South Korea,APJ,APAC,Ford Motor,1009,Manufacturing,SMB,ContactMatcher,NCS25WSPZ2,700.056,3,0.3,-130.0104
18,EMEA-2020-167164,5/13/2020,20200513,Turkey,EMEA,MEA,Home Depot,1047,Retail,SMB,Marketing Suite - Gold,LWWKLPY4AU,55.5,2,0,9.99
1887,EMEA-2020-140165,5/13/2020,20200513,Germany,EMEA,EU-WEST,Lukoil,1044,Energy,Enterprise,Storage,L9THQEPOJB,7.104,2,0.2,2.3976
1888,EMEA-2020-140165,5/13/2020,20200513,Germany,EMEA,EU-WEST,Lukoil,1044,Energy,Enterprise,ContactMatcher,E93IXS0DWD,398.352,8,0.7,-331.96
3217,AMER-2020-114433,5/13/2020,20200513,United States,AMER,NAMER,Caterpillar,1016,Manufacturing,SMB,Data Smasher,ESW8EYZDBD,149.97,3,0,52.4895
5355,AMER-2020-113768,5/13/2020,20200513,United States,AMER,NAMER,Abbott Laboratories,1001,Healthcare,Strategic,FinanceHub,F5NKA1QD9W,279.456,6,0.2,20.9592
5356,AMER-2020-113768,5/13/2020,20200513,United States,AMER,NAMER,Abbott Laboratories,1001,Healthcare,Strategic,Support,BGOWH1U8TL,8,2,0,3.84
769,EMEA-2020-106810,5/14/2020,20200514,Germany,EMEA,EU-WEST,Nestle,1089,Consumer Products,Strategic,SaaS Connector Pack,IEKIT0RQLF,310.88,2,0.2,23.316
7825,AMER-2020-125150,5/16/2020,20200516,United States,AMER,NAMER,Allstate,1003,Finance,Strategic,FinanceHub,IR9S0QHI12,232.88,5,0.2,17.466
8536,AMER-2020-163146,5/16/2020,20200516,United States,AMER,NAMER,BNP Paribas,1065,Finance,SMB,Data Smasher,5HCJTGWQ1H,56.4,3,0,3.384
3006,EMEA-2020-148761,5/17/2020,20200517,Italy,EMEA,EU,Nissan Motor,1098,Transportation,Enterprise,ContactMatcher,XZ5R8R9KLO,91.68,3,0,45.84
1830,AMER-2020-103373,5/18/2020,20200518,Mexico,AMER,LATAM,Johnson & Johnson,1055,Healthcare,SMB,Site Analytics,XIQUCOPKDP,779.796,2,0.4,-168.9558
3201,AMER-2020-164224,5/18/2020,20200518,Mexico,AMER,LATAM,J.P. Morgan Chase & Co.,1054,Finance,SMB,SaaS Connector Pack,IKAVCY3FYW,149.232,3,0.2,3.7308
3202,AMER-2020-164224,5/18/2020,20200518,Mexico,AMER,LATAM,J.P. Morgan Chase & Co.,1054,Finance,SMB,Support,TLOFLF10JW,15.936,4,0.2,5.7768
9833,APJ-2020-133963,5/18/2020,20200518,Japan,APJ,JAPN,FedEx,1036,Transportation,SMB,Support,1NU2FK9B9M,3.984,1,0.2,1.4442
4143,AMER-2020-107699,5/19/2020,20200519,Brazil,AMER,LATAM,Mondelez International,1067,Consumer Products,SMB,ContactMatcher,UA9N3Y2YO1,57.42,9,0,26.4132
9603,EMEA-2020-130155,5/19/2020,20200519,Spain,EMEA,EU-WEST,Tyson Foods,1088,Consumer Products,SMB,Support,5L0NH141NH,34.2,5,0,9.234
2130,EMEA-2020-114188,5/20/2020,20200520,Greece,EMEA,EU-EAST,Verizon Communications,1094,Communications,Strategic,OneView,TT2UB8E21Y,33.28,4,0,9.3184
2131,EMEA-2020-114188,5/20/2020,20200520,Greece,EMEA,EU-EAST,Verizon Communications,1094,Communications,Strategic,ChatBot Plugin,0B490DC766,38.52,9,0,11.9412
2132,EMEA-2020-114188,5/20/2020,20200520,Greece,EMEA,EU-EAST,Verizon Communications,1094,Communications,Strategic,SaaS Connector Pack,7NKCA0I493,139.86,7,0,60.1398
8581,APJ-2020-130673,5/20/2020,20200520,Japan,APJ,JAPN,Walt Disney,1097,Communications,Strategic,SaaS Connector Pack,I46I1749US,10.332,3,0.6,-5.9409
8582,APJ-2020-130673,5/20/2020,20200520,Japan,APJ,JAPN,Walt Disney,1097,Communications,Strategic,Support,K1ORH13JC0,10.368,2,0.2,3.6288
8583,APJ-2020-130673,5/20/2020,20200520,Japan,APJ,JAPN,Walt Disney,1097,Communications,Strategic,Data Smasher,S57Z193PF8,20.784,2,0.2,-3.6372
8584,APJ-2020-130673,5/20/2020,20200520,Japan,APJ,JAPN,Walt Disney,1097,Communications,Strategic,Marketing Suite - Gold,GSMZ0CN22D,66.96,5,0.2,-13.392
995,EMEA-2020-117639,5/21/2020,20200521,Spain,EMEA,EU-WEST,Walt Disney,1097,Communications,Strategic,ContactMatcher,22XT0ZA4V6,2715.93,7,0,1276.4871
996,EMEA-2020-117639,5/21/2020,20200521,Spain,EMEA,EU-WEST,Walt Disney,1097,Communications,Strategic,Site Analytics,MQ6EV84KR0,617.97,3,0,173.0316
3079,AMER-2020-104780,5/21/2020,20200521,United States,AMER,NAMER,Prudential Financial,1078,Finance,Enterprise,ChatBot Plugin,YPV0Y2MFAZ,31.84,8,0,10.5072
5877,APJ-2020-152443,5/21/2020,20200521,South Korea,APJ,APAC,News Corp.,1071,Misc,Enterprise,ContactMatcher,DK6JTTXOH1,447.86,7,0,219.4514
5878,APJ-2020-152443,5/21/2020,20200521,South Korea,APJ,APAC,News Corp.,1071,Misc,Enterprise,Support,2P65ZQN5R7,17.94,3,0,8.7906
5879,APJ-2020-152443,5/21/2020,20200521,South Korea,APJ,APAC,News Corp.,1071,Misc,Enterprise,OneView,GLX4G10YKP,245.88,6,0,68.8464
9792,APJ-2020-127166,5/21/2020,20200521,Japan,APJ,JAPN,Costco Wholesale,1025,Retail,SMB,SaaS Connector Pack - Gold,6VMDNUMPVC,56.064,6,0.2,21.024
9793,APJ-2020-127166,5/21/2020,20200521,Japan,APJ,JAPN,Costco Wholesale,1025,Retail,SMB,FinanceHub,SO16RWRIZB,107.772,2,0.3,-29.2524
9794,APJ-2020-127166,5/21/2020,20200521,Japan,APJ,JAPN,Costco Wholesale,1025,Retail,SMB,Support,RIGOT7SBKZ,4.832,1,0.2,1.6308
9795,APJ-2020-127166,5/21/2020,20200521,Japan,APJ,JAPN,Costco Wholesale,1025,Retail,SMB,ContactMatcher,T9ZQTW9VD0,18.24,3,0.8,-31.008
3268,EMEA-2020-143840,5/22/2020,20200522,Portugal,EMEA,EU-WEST,Aetna,1002,Healthcare,SMB,Site Analytics,ZHJLWTMJDB,135.98,2,0,33.995
3269,EMEA-2020-143840,5/22/2020,20200522,Portugal,EMEA,EU-WEST,Aetna,1002,Healthcare,SMB,Site Analytics,JXRU0HBA2W,44.95,1,0,12.586
608,EMEA-2020-105767,5/23/2020,20200523,France,EMEA,EU-WEST,PepsiCo,1073,Consumer Products,SMB,ContactMatcher,L0MOMT34DW,3.282,2,0.7,-2.6256
609,EMEA-2020-105767,5/23/2020,20200523,France,EMEA,EU-WEST,PepsiCo,1073,Consumer Products,SMB,ChatBot Plugin,QJVQYTN8TL,21.168,9,0.2,2.3814
610,EMEA-2020-105767,5/23/2020,20200523,France,EMEA,EU-WEST,PepsiCo,1073,Consumer Products,SMB,Site Analytics,LPO0ZQYKV0,55.188,2,0.4,-10.1178
6628,AMER-2020-138513,5/23/2020,20200523,Canada,AMER,NAMER,Aviva,1006,Finance,SMB,Support,6CES2MJWFY,12.96,2,0,6.2208
7011,EMEA-2020-135881,5/23/2020,20200523,United Kingdom,EMEA,UKIR,Lukoil,1044,Energy,SMB,ContactMatcher,6TI6CGL5BX,17.96,5,0.2,5.837
7012,EMEA-2020-135881,5/23/2020,20200523,United Kingdom,EMEA,UKIR,Lukoil,1044,Energy,SMB,Support,EE16RYJLDX,5.04,2,0,0.1512
7013,EMEA-2020-135881,5/23/2020,20200523,United Kingdom,EMEA,UKIR,Lukoil,1044,Energy,SMB,OneView,W6OVRHG8X0,208.16,1,0,56.2032
2704,APJ-2020-143413,5/24/2020,20200524,China,APJ,APAC,Tyson Foods,1088,Consumer Products,SMB,Support,AAYECLVKWH,116.28,3,0,56.9772
1819,APJ-2020-130379,5/25/2020,20200525,Australia,APJ,ANZ,Caterpillar,1016,Manufacturing,SMB,OneView,PIYEZQCLD2,75.6,2,0.8,-166.32
1820,APJ-2020-130379,5/25/2020,20200525,Australia,APJ,ANZ,Caterpillar,1016,Manufacturing,SMB,SaaS Connector Pack,BP44APFCTR,29.32,2,0.6,-24.189
9441,EMEA-2020-100391,5/25/2020,20200525,United Kingdom,EMEA,UKIR,Alphabet,1053,Tech,SMB,Support,XHQGTE4P5V,14.62,2,0,6.7252
1611,AMER-2020-156349,5/26/2020,20200526,United States,AMER,NAMER,Siemens,1043,Manufacturing,Strategic,Marketing Suite,UCNJG9CNBN,290.666,2,0.15,27.3568
1612,AMER-2020-156349,5/26/2020,20200526,United States,AMER,NAMER,Siemens,1043,Manufacturing,Strategic,Site Analytics,L8LEB2OTE3,201.584,2,0.2,20.1584
1613,AMER-2020-156349,5/26/2020,20200526,United States,AMER,NAMER,Siemens,1043,Manufacturing,Strategic,Site Analytics,KQIHE1D5IN,83.984,2,0.2,31.494
2752,AMER-2020-158029,5/26/2020,20200526,United States,AMER,NAMER,Aviva,1006,Finance,SMB,FinanceHub,5EP4QIR8G9,225.296,2,0.2,22.5296
2761,EMEA-2020-129574,5/26/2020,20200526,Turkey,EMEA,MEA,Lukoil,1044,Energy,Enterprise,Support,O0ZHNWOJJ5,48.4,5,0,23.232
6740,APJ-2020-144029,5/26/2020,20200526,Australia,APJ,ANZ,HSBC Holdings,1070,Finance,SMB,Marketing Suite - Gold,91QE36U67B,102.624,3,0.2,7.6968
6741,APJ-2020-144029,5/26/2020,20200526,Australia,APJ,ANZ,HSBC Holdings,1070,Finance,SMB,FinanceHub,9ZMGBKMXDW,359.772,2,0.3,-5.1396
6742,APJ-2020-144029,5/26/2020,20200526,Australia,APJ,ANZ,HSBC Holdings,1070,Finance,SMB,ChatBot Plugin,K3WHHY8LO4,13.392,3,0.2,3.1806
747,AMER-2020-124429,5/27/2020,20200527,United States,AMER,NAMER,General Motors,1041,Manufacturing,Strategic,ContactMatcher,4G0QH6YT7Y,567.12,10,0.2,-28.356
748,AMER-2020-124429,5/27/2020,20200527,United States,AMER,NAMER,General Motors,1041,Manufacturing,Strategic,Marketing Suite - Gold,SO3E6T5H0M,359.32,4,0,7.1864
1049,AMER-2020-139192,5/27/2020,20200527,United States,AMER,NAMER,CVS Health,1026,Retail,SMB,Site Analytics,WU8I760W1E,1113.504,12,0.2,125.2692
1050,AMER-2020-139192,5/27/2020,20200527,United States,AMER,NAMER,CVS Health,1026,Retail,SMB,Data Smasher,0BU8CJGPNY,99.99,1,0,37.9962
1326,APJ-2020-117058,5/27/2020,20200527,Australia,APJ,ANZ,Johnson & Johnson,1055,Healthcare,SMB,ContactMatcher,SDYGCQP4HR,17.46,6,0.8,-30.555
5676,AMER-2020-135993,5/28/2020,20200528,Canada,AMER,NAMER,Phillips 66,1056,Energy,Strategic,Site Analytics,4ORXYP0J7H,57.408,6,0.2,5.7408
5677,AMER-2020-135993,5/28/2020,20200528,Canada,AMER,NAMER,Phillips 66,1056,Energy,Strategic,Data Smasher,OV3EO1M8J4,27.6,4,0,2.208
8439,AMER-2020-108861,5/28/2020,20200528,Canada,AMER,NAMER,Mondelez International,1067,Consumer Products,SMB,ContactMatcher,G3NLL9YSXL,136.96,4,0.2,51.36
4647,EMEA-2020-146885,5/30/2020,20200530,Spain,EMEA,EU-WEST,Siemens,1043,Manufacturing,Strategic,Support,TEYJ1326WH,13.62,3,0,6.129
5751,APJ-2020-145800,5/30/2020,20200530,Australia,APJ,ANZ,Engie,1062,Energy,SMB,ContactMatcher,KZWLW5ECIJ,355.455,3,0.5,-184.8366
7737,EMEA-2020-105872,5/30/2020,20200530,United Kingdom,EMEA,UKIR,Kroger,1057,Retail,SMB,ContactMatcher,COSV4WC8ES,70.368,4,0.2,26.388
7857,EMEA-2020-103429,5/30/2020,20200530,United Kingdom,EMEA,UKIR,Safeway,1079,Retail,Strategic,ContactMatcher,HJNFSQSFPU,25.584,2,0.2,8.9544
7858,EMEA-2020-103429,5/30/2020,20200530,United Kingdom,EMEA,UKIR,Safeway,1079,Retail,Strategic,Site Analytics,JEYAUN3K3P,464,5,0,134.56
7859,EMEA-2020-103429,5/30/2020,20200530,United Kingdom,EMEA,UKIR,Safeway,1079,Retail,Strategic,OneView,TX1T85YUG3,235.95,3,0,77.8635
7860,EMEA-2020-103429,5/30/2020,20200530,United Kingdom,EMEA,UKIR,Safeway,1079,Retail,Strategic,Support,PYJ8E5LZ4O,39.96,4,0,17.982
8553,APJ-2020-140473,5/30/2020,20200530,Australia,APJ,ANZ,AmerisourceBergen,1007,Healthcare,Strategic,Alchemy,GTFKNL4GJH,719.976,3,0.2,134.9955
7978,EMEA-2020-166051,5/31/2020,20200531,Ukraine,EMEA,EU-EAST,Intel,1051,Tech,SMB,Site Analytics,B80SF5WOG7,659.97,3,0,197.991
7979,EMEA-2020-166051,5/31/2020,20200531,Ukraine,EMEA,EU-EAST,Intel,1051,Tech,SMB,Site Analytics,P5F7BCMG84,113.73,3,0,32.9817
245,EMEA-2020-131926,6/1/2020,20200601,Luxembourg,EMEA,EU-WEST,Airbus,1030,Manufacturing,Enterprise,FinanceHub,P99Y8YV8KT,2001.86,7,0,580.5394
246,EMEA-2020-131926,6/1/2020,20200601,Luxembourg,EMEA,EU-WEST,Airbus,1030,Manufacturing,Enterprise,Marketing Suite - Gold,EEFJ1VZ7W3,166.72,2,0,41.68
247,EMEA-2020-131926,6/1/2020,20200601,Luxembourg,EMEA,EU-WEST,Airbus,1030,Manufacturing,Enterprise,Support,IAD2NLBI5E,47.88,6,0,23.94
248,EMEA-2020-131926,6/1/2020,20200601,Luxembourg,EMEA,EU-WEST,Airbus,1030,Manufacturing,Enterprise,OneView,3VV8W7NWLL,1503.25,5,0,496.0725
249,EMEA-2020-131926,6/1/2020,20200601,Luxembourg,EMEA,EU-WEST,Airbus,1030,Manufacturing,Enterprise,Support,3ONJJHTCT1,25.92,4,0,12.4416
307,AMER-2020-111003,6/1/2020,20200601,Argentina,AMER,LATAM,Trafigura Group,1100,Finance,Enterprise,ContactMatcher,4G8MXMZRYG,45.48,3,0,20.9208
308,AMER-2020-111003,6/1/2020,20200601,Argentina,AMER,LATAM,Trafigura Group,1100,Finance,Enterprise,ChatBot Plugin,YPEK9QP90U,289.2,6,0,83.868
2201,EMEA-2020-165659,6/1/2020,20200601,United Arab Emirates,EMEA,MEA,Oracle,1072,Tech,SMB,SaaS Connector Pack,XSPXNOBIS7,22.2,6,0,9.102
2202,EMEA-2020-165659,6/1/2020,20200601,United Arab Emirates,EMEA,MEA,Oracle,1072,Tech,SMB,Site Analytics,WZKJYEZ0A3,881.93,7,0,229.3018
9150,AMER-2020-157070,6/1/2020,20200601,Brazil,AMER,LATAM,Samsung Electronics,1015,Tech,Strategic,ContactMatcher,KGT50WZU85,138.56,4,0,66.5088
9151,AMER-2020-157070,6/1/2020,20200601,Brazil,AMER,LATAM,Samsung Electronics,1015,Tech,Strategic,OneView,L8B2CPAE3Z,65.52,5,0.1,12.376
719,EMEA-2020-104472,6/2/2020,20200602,Turkey,EMEA,MEA,Comcast,1022,Communications,Enterprise,ContactMatcher,RT712FHK95,59.808,3,0.2,19.4376
720,EMEA-2020-104472,6/2/2020,20200602,Turkey,EMEA,MEA,Comcast,1022,Communications,Enterprise,SaaS Connector Pack,MZ6BRFXD5I,73.32,6,0,21.996
3888,EMEA-2020-100895,6/2/2020,20200602,Finland,EMEA,NOR,Philip Morris International,1075,Consumer Products,SMB,ChatBot Plugin,W8HMAI44TO,8.56,2,0,2.6536
3889,EMEA-2020-100895,6/2/2020,20200602,Finland,EMEA,NOR,Philip Morris International,1075,Consumer Products,SMB,Site Analytics,OYMXJ1JT5O,239.97,3,0,67.1916
3890,EMEA-2020-100895,6/2/2020,20200602,Finland,EMEA,NOR,Philip Morris International,1075,Consumer Products,SMB,Marketing Suite - Gold,Z92CELXY2A,356.94,2,0,107.082
1700,AMER-2020-135657,6/3/2020,20200603,Canada,AMER,NAMER,Aetna,1002,Healthcare,SMB,ContactMatcher,QE4Z0KY47B,515.88,6,0,113.4936
6323,AMER-2020-141299,6/3/2020,20200603,Brazil,AMER,LATAM,Lowes,1060,Retail,Enterprise,SaaS Connector Pack - Gold,06XAXG6YP9,15.28,2,0,7.4872
9844,APJ-2020-163867,6/3/2020,20200603,Australia,APJ,ANZ,Coca-Cola,1021,Consumer Products,SMB,FinanceHub,A3IZZ70LQE,15.936,4,0.2,5.1792
9845,APJ-2020-163867,6/3/2020,20200603,Australia,APJ,ANZ,Coca-Cola,1021,Consumer Products,SMB,SaaS Connector Pack,TMLC1QHWXK,61.544,7,0.6,-40.0036
9846,APJ-2020-163867,6/3/2020,20200603,Australia,APJ,ANZ,Coca-Cola,1021,Consumer Products,SMB,Marketing Suite - Gold,QP1LOD96UV,132.696,3,0.2,9.9522
1875,AMER-2020-147914,6/4/2020,20200604,Mexico,AMER,LATAM,HonHai Precision Industry,1033,Tech,Enterprise,Support,CWLBOL0IIM,16.224,2,0.2,5.8812
8608,EMEA-2020-151946,6/4/2020,20200604,United Kingdom,EMEA,UKIR,Aviva,1006,Finance,SMB,SaaS Connector Pack,NLVI28F97T,56.96,2,0,21.0752
8609,EMEA-2020-151946,6/4/2020,20200604,United Kingdom,EMEA,UKIR,Aviva,1006,Finance,SMB,OneView,UQ8EAGAHDX,15.56,4,0,4.0456
8610,EMEA-2020-151946,6/4/2020,20200604,United Kingdom,EMEA,UKIR,Aviva,1006,Finance,SMB,Marketing Suite,B91IZ500TQ,353.568,2,0.2,-44.196
8611,EMEA-2020-151946,6/4/2020,20200604,United Kingdom,EMEA,UKIR,Aviva,1006,Finance,SMB,SaaS Connector Pack,QR3FJIW38O,13.96,2,0,6.7008
1746,EMEA-2020-133270,6/6/2020,20200606,United Kingdom,EMEA,UKIR,Daimler,1052,Transportation,SMB,ChatBot Plugin,GHXNGT9H7B,13.36,2,0,4.9432
2140,EMEA-2020-159520,6/6/2020,20200606,United Kingdom,EMEA,UKIR,Costco Wholesale,1025,Retail,Strategic,ContactMatcher,CYO9ZQS0Z7,149.544,9,0.2,50.4711
2141,EMEA-2020-159520,6/6/2020,20200606,United Kingdom,EMEA,UKIR,Costco Wholesale,1025,Retail,Strategic,Support,OK4LC0M5RP,17.14,2,0,4.4564
2142,EMEA-2020-159520,6/6/2020,20200606,United Kingdom,EMEA,UKIR,Costco Wholesale,1025,Retail,Strategic,ContactMatcher,G538MY98PE,991.764,3,0.4,-347.1174
6301,APJ-2020-161305,6/6/2020,20200606,Australia,APJ,ANZ,Petrobras,1018,Energy,SMB,ContactMatcher,R56HIPDN4G,24.588,3,0.8,-38.1114
6302,APJ-2020-161305,6/6/2020,20200606,Australia,APJ,ANZ,Petrobras,1018,Energy,SMB,SaaS Connector Pack - Gold,IIEVPXWB7Q,13.984,2,0.2,4.7196
6473,APJ-2020-151897,6/6/2020,20200606,Japan,APJ,JAPN,Fannie Mae,1035,Finance,Enterprise,FinanceHub,4W8YLMTANN,100.24,10,0.2,33.831
6598,EMEA-2020-169257,6/6/2020,20200606,Germany,EMEA,EU-WEST,Philip Morris International,1075,Consumer Products,SMB,ContactMatcher,Z5EPTNOE1Y,1.365,1,0.7,-0.91
6599,EMEA-2020-169257,6/6/2020,20200606,Germany,EMEA,EU-WEST,Philip Morris International,1075,Consumer Products,SMB,Support,DFC5RWRMHB,62.016,2,0.2,22.4808
394,APJ-2020-134971,6/7/2020,20200607,Australia,APJ,ANZ,Mitsubishi,1050,Manufacturing,Strategic,ContactMatcher,SYC68VXSB8,12.462,3,0.8,-20.5623
4722,APJ-2020-106229,6/7/2020,20200607,Australia,APJ,ANZ,Nestle,1089,Consumer Products,SMB,ContactMatcher,OS32351R0L,268.935,3,0.5,-209.7693
2750,AMER-2020-141257,6/8/2020,20200608,Canada,AMER,NAMER,Boeing,1014,Manufacturing,SMB,FinanceHub,NNMMAVKFL7,585.552,3,0.2,73.194
3842,EMEA-2020-109162,6/8/2020,20200608,South Africa,EMEA,MEA,Tyson Foods,1088,Consumer Products,Strategic,FinanceHub,86PWG9BHRV,170.352,3,0.2,10.647
9367,EMEA-2020-108147,6/8/2020,20200608,United Kingdom,EMEA,UKIR,Engie,1062,Energy,SMB,ContactMatcher,C5RD8NTZRC,68.48,2,0.2,25.68
9368,EMEA-2020-108147,6/8/2020,20200608,United Kingdom,EMEA,UKIR,Engie,1062,Energy,SMB,Marketing Suite - Gold,Y8RLHNVMOQ,1676.88,6,0,83.844
6,AMER-2020-115812,6/9/2020,20200609,United States,AMER,NAMER,BNP Paribas,1065,Finance,SMB,SaaS Connector Pack,8RM88WFOAE,48.86,7,0,14.1694
7,AMER-2020-115812,6/9/2020,20200609,United States,AMER,NAMER,BNP Paribas,1065,Finance,SMB,ChatBot Plugin,4SYTVM0746,7.28,4,0,1.9656
8,AMER-2020-115812,6/9/2020,20200609,United States,AMER,NAMER,BNP Paribas,1065,Finance,SMB,Site Analytics,07842ES7DY,907.152,6,0.2,90.7152
9,AMER-2020-115812,6/9/2020,20200609,United States,AMER,NAMER,BNP Paribas,1065,Finance,SMB,ContactMatcher,XPBOBXWXA3,18.504,3,0.2,5.7825
10,AMER-2020-115812,6/9/2020,20200609,United States,AMER,NAMER,BNP Paribas,1065,Finance,SMB,OneView,71J8P9Z1P0,114.9,5,0,34.47
11,AMER-2020-115812,6/9/2020,20200609,United States,AMER,NAMER,BNP Paribas,1065,Finance,SMB,ContactMatcher,43NZ37VE2D,1706.184,9,0.2,85.3092
12,AMER-2020-115812,6/9/2020,20200609,United States,AMER,NAMER,BNP Paribas,1065,Finance,SMB,Site Analytics,JG14MOU94R,911.424,4,0.2,68.3568
489,APJ-2020-133753,6/9/2020,20200609,Japan,APJ,JAPN,Pemex,1058,Energy,Enterprise,Site Analytics,8TQCC0Z4YO,7.992,1,0.2,0.5994
490,APJ-2020-133753,6/9/2020,20200609,Japan,APJ,JAPN,Pemex,1058,Energy,Enterprise,Data Smasher,5T791VWFJF,63.984,2,0.2,10.3974
491,APJ-2020-133753,6/9/2020,20200609,Japan,APJ,JAPN,Pemex,1058,Energy,Enterprise,ChatBot Plugin,S5X018G8CS,70.368,2,0.2,6.1572
861,AMER-2020-133851,6/9/2020,20200609,United States,AMER,NAMER,Comcast,1022,Communications,SMB,Support,T7PH67FLXM,7.36,2,0,0.1472
862,AMER-2020-133851,6/9/2020,20200609,United States,AMER,NAMER,Comcast,1022,Communications,SMB,ChatBot Plugin,C48FI0OWSS,23.1,2,0,10.626
1812,EMEA-2020-132612,6/9/2020,20200609,Spain,EMEA,EU-WEST,Apple,1008,Tech,SMB,ContactMatcher,SD39IVCJ2P,1441.3,7,0,245.021
4955,EMEA-2020-160262,6/9/2020,20200609,Israel,EMEA,EU-EAST,HSBC Holdings,1070,Finance,Strategic,ChatBot Plugin,985R9X9VGI,18.06,7,0,4.6956
4956,EMEA-2020-160262,6/9/2020,20200609,Israel,EMEA,EU-EAST,HSBC Holdings,1070,Finance,Strategic,Support,7M5HW5KVCN,79.14,3,0,36.4044
4957,EMEA-2020-160262,6/9/2020,20200609,Israel,EMEA,EU-EAST,HSBC Holdings,1070,Finance,Strategic,SaaS Connector Pack,7F2ZT1KZNY,37.4,2,0,14.212
9697,AMER-2020-144281,6/10/2020,20200610,Brazil,AMER,LATAM,Samsung Electronics,1015,Tech,Strategic,FinanceHub,JNCZNBNZEN,491.55,5,0,240.8595
1856,AMER-2020-114643,6/13/2020,20200613,United States,AMER,NAMER,American Express,1005,Finance,Strategic,ChatBot Plugin,BYO2ZAMFNZ,14.52,3,0,4.7916
5221,AMER-2020-140487,6/14/2020,20200614,Brazil,AMER,LATAM,FedEx,1036,Transportation,Enterprise,Marketing Suite,M1FYMACFUP,212.94,3,0,57.4938
916,APJ-2020-141215,6/15/2020,20200615,Japan,APJ,JAPN,Merck,1064,Healthcare,Strategic,ContactMatcher,7U14BQMSJZ,99.918,2,0.3,-18.5562
917,APJ-2020-141215,6/15/2020,20200615,Japan,APJ,JAPN,Merck,1064,Healthcare,Strategic,FinanceHub,ZNX0JCDA7M,797.944,4,0.3,-56.996
918,APJ-2020-141215,6/15/2020,20200615,Japan,APJ,JAPN,Merck,1064,Healthcare,Strategic,ContactMatcher,JLX20LR168,8.568,3,0.8,-14.5656
6938,APJ-2020-126963,6/15/2020,20200615,Japan,APJ,JAPN,Bank of America Corp.,1011,Finance,SMB,Support,OEMFY8NDQV,36.544,2,0.2,11.8768
2496,APJ-2020-136644,6/16/2020,20200616,India,APJ,IND,Glencore,1083,Misc,SMB,FinanceHub,UJN638SJFL,647.84,8,0,32.392
2912,EMEA-2020-113929,6/16/2020,20200616,United Kingdom,EMEA,UKIR,Banco Santander,1101,Finance,SMB,SaaS Connector Pack - Gold,SQWYXHDKSD,41.4,5,0,19.458
2913,EMEA-2020-113929,6/16/2020,20200616,United Kingdom,EMEA,UKIR,Banco Santander,1101,Finance,SMB,ChatBot Plugin,PM3CGHJJ6U,35,4,0,10.5
2914,EMEA-2020-113929,6/16/2020,20200616,United Kingdom,EMEA,UKIR,Banco Santander,1101,Finance,SMB,ContactMatcher,4QTDDTOO6S,39.552,3,0.2,14.3376
6324,APJ-2020-104402,6/17/2020,20200617,Philippines,APJ,APAC,Johnson & Johnson,1055,Healthcare,SMB,Big Ol Database,3QLSZ2W1S3,65.97,3,0,31.0059
6816,AMER-2020-144414,6/17/2020,20200617,Canada,AMER,NAMER,Ford Motor,1009,Manufacturing,SMB,SaaS Connector Pack,JA6BPXNYEF,6.24,3,0,2.6208
6817,AMER-2020-144414,6/17/2020,20200617,Canada,AMER,NAMER,Ford Motor,1009,Manufacturing,SMB,Storage,XYRHWWWL6L,17.9,5,0,8.95
6818,AMER-2020-144414,6/17/2020,20200617,Canada,AMER,NAMER,Ford Motor,1009,Manufacturing,SMB,ContactMatcher,2HR16X7FPI,3266.376,3,0.2,1061.5722
9897,APJ-2020-156342,6/17/2020,20200617,Australia,APJ,ANZ,HonHai Precision Industry,1033,Tech,SMB,Support,7YE7XE2E13,62.016,2,0.2,22.4808
9765,AMER-2020-123855,6/18/2020,20200618,United States,AMER,NAMER,PepsiCo,1073,Consumer Products,SMB,Site Analytics,RC4PBMIOE5,139.8,5,0.2,12.2325
3506,APJ-2020-166863,6/20/2020,20200620,Japan,APJ,JAPN,ConocoPhillips,1024,Energy,SMB,Site Analytics,4XKW6S0JNK,201.584,2,0.2,20.1584
3507,APJ-2020-166863,6/20/2020,20200620,Japan,APJ,JAPN,ConocoPhillips,1024,Energy,SMB,ContactMatcher,FUPAUHXM3U,3.392,4,0.8,-5.088
3508,APJ-2020-166863,6/20/2020,20200620,Japan,APJ,JAPN,ConocoPhillips,1024,Energy,SMB,Marketing Suite,HS8B8RNDQF,193.0656,4,0.32,-19.8744
3509,APJ-2020-166863,6/20/2020,20200620,Japan,APJ,JAPN,ConocoPhillips,1024,Energy,SMB,Support,YN0GQSHJQU,15.552,3,0.2,5.4432
3510,APJ-2020-166863,6/20/2020,20200620,Japan,APJ,JAPN,ConocoPhillips,1024,Energy,SMB,Support,PU5QTXR1PL,11.648,2,0.2,4.0768
3511,APJ-2020-166863,6/20/2020,20200620,Japan,APJ,JAPN,ConocoPhillips,1024,Energy,SMB,Big Ol Database,XYSGFHQV6R,418.8,2,0.4,-97.72
3512,APJ-2020-166863,6/20/2020,20200620,Japan,APJ,JAPN,ConocoPhillips,1024,Energy,SMB,Marketing Suite - Gold,FKMY1VI62I,509.488,7,0.2,-127.372
8146,APJ-2020-112949,6/20/2020,20200620,Singapore,APJ,APAC,Walt Disney,1097,Communications,SMB,OneView,A3RO23YPFP,471.9,6,0,155.727
8147,APJ-2020-112949,6/20/2020,20200620,Singapore,APJ,APAC,Walt Disney,1097,Communications,SMB,ChatBot Plugin,WFJXBU2X7P,3.52,2,0,1.6896
690,EMEA-2020-117135,6/21/2020,20200621,Spain,EMEA,EU-WEST,Caterpillar,1016,Manufacturing,SMB,SaaS Connector Pack,5VK16XG7GF,104.01,1,0,14.5614
691,EMEA-2020-117135,6/21/2020,20200621,Spain,EMEA,EU-WEST,Caterpillar,1016,Manufacturing,SMB,Site Analytics,Z0ICB6R86B,284.82,1,0,74.0532
692,EMEA-2020-117135,6/21/2020,20200621,Spain,EMEA,EU-WEST,Caterpillar,1016,Manufacturing,SMB,Marketing Suite - Gold,KMJ3AUP78L,36.84,3,0,10.3152
1181,AMER-2020-128146,6/21/2020,20200621,Argentina,AMER,LATAM,American Express,1005,Finance,SMB,Site Analytics,1TK2ONEQOA,1322.93,7,0,357.1911
1182,AMER-2020-128146,6/21/2020,20200621,Argentina,AMER,LATAM,American Express,1005,Finance,SMB,ChatBot Plugin,NZW3WOVDUP,3.76,2,0,1.0904
1836,EMEA-2020-141278,6/21/2020,20200621,Saudi Arabia,EMEA,MEA,News Corp.,1071,Misc,SMB,ChatBot Plugin,GNDEUA6CX3,21.4,5,0,6.206
2678,EMEA-2020-160780,6/21/2020,20200621,Russia,EMEA,EU-EAST,Philip Morris International,1075,Consumer Products,SMB,ContactMatcher,E4XM68VSTI,11.088,7,0.7,-8.1312
2679,EMEA-2020-160780,6/21/2020,20200621,Russia,EMEA,EU-EAST,Philip Morris International,1075,Consumer Products,SMB,ContactMatcher,AMQUUBA8ME,25.164,2,0.7,-16.776
2997,EMEA-2020-138317,6/21/2020,20200621,France,EMEA,EU-WEST,Sysco,1084,Consumer Products,SMB,SaaS Connector Pack - Gold,DAJ7G2UX09,24.896,4,0.2,8.4024
2998,EMEA-2020-138317,6/21/2020,20200621,France,EMEA,EU-WEST,Sysco,1084,Consumer Products,SMB,SaaS Connector Pack,MRQJGVY963,3.984,1,0.2,0.6474
2999,EMEA-2020-138317,6/21/2020,20200621,France,EMEA,EU-WEST,Sysco,1084,Consumer Products,SMB,Data Smasher,ZHSV5R5SPG,95.968,4,0.2,28.7904
3000,EMEA-2020-138317,6/21/2020,20200621,France,EMEA,EU-WEST,Sysco,1084,Consumer Products,SMB,Big Ol Database,0X8PXLDLL9,206.991,3,0.7,-172.4925
3001,EMEA-2020-138317,6/21/2020,20200621,France,EMEA,EU-WEST,Sysco,1084,Consumer Products,SMB,OneView,NTHF09A7M2,44.416,2,0.2,3.8864
3002,EMEA-2020-138317,6/21/2020,20200621,France,EMEA,EU-WEST,Sysco,1084,Consumer Products,SMB,ContactMatcher,L3UUFKKHHQ,9.006,2,0.7,-7.2048
4412,EMEA-2020-130624,6/21/2020,20200621,United Kingdom,EMEA,UKIR,Royal Dutch Shell,1031,Energy,SMB,Support,JZFCT8JK8F,19.65,3,0,9.039
4413,EMEA-2020-130624,6/21/2020,20200621,United Kingdom,EMEA,UKIR,Royal Dutch Shell,1031,Energy,SMB,Site Analytics,HC656OC1VI,617.97,3,0,160.6722
4414,EMEA-2020-130624,6/21/2020,20200621,United Kingdom,EMEA,UKIR,Royal Dutch Shell,1031,Energy,SMB,OneView,977BM9P5T8,59.7,3,0,26.865
5150,EMEA-2020-141796,6/21/2020,20200621,United Kingdom,EMEA,UKIR,Kroger,1057,Retail,SMB,Site Analytics,9VY7OZYUHQ,1214.85,3,0,352.3065
422,EMEA-2020-142048,6/22/2020,20200622,Russia,EMEA,EU-EAST,Oracle,1072,Tech,SMB,Data Smasher,4QP8UX0WST,196.752,6,0.2,56.5662
2157,EMEA-2020-124646,6/22/2020,20200622,Luxembourg,EMEA,EU-WEST,UnitedHealth Group,1092,Healthcare,SMB,Marketing Suite - Gold,XXFMEWLWJD,501.81,3,0,0
2158,EMEA-2020-124646,6/22/2020,20200622,Luxembourg,EMEA,EU-WEST,UnitedHealth Group,1092,Healthcare,SMB,Marketing Suite - Gold,BSRULX6ME1,161.94,3,0,9.7164
4021,EMEA-2020-154963,6/22/2020,20200622,France,EMEA,EU-WEST,United Parcel Service,1090,Transportation,SMB,FinanceHub,NDZ5960DG6,170.058,3,0.3,-4.8588
4022,EMEA-2020-154963,6/22/2020,20200622,France,EMEA,EU-WEST,United Parcel Service,1090,Transportation,SMB,Site Analytics,DMZTFB8O4I,82.782,3,0.4,-15.1767
4023,EMEA-2020-154963,6/22/2020,20200622,France,EMEA,EU-WEST,United Parcel Service,1090,Transportation,SMB,FinanceHub,OXPWXRWYZZ,853.93,5,0.3,0
9001,AMER-2020-133389,6/22/2020,20200622,Chile,AMER,LATAM,Royal Dutch Shell,1031,Energy,SMB,ContactMatcher,S5JZFFWJ97,8.226,3,0.7,-6.0324
2127,EMEA-2020-126032,6/23/2020,20200623,France,EMEA,EU-WEST,Morgan Stanley,1068,Finance,SMB,Data Smasher,KXSBHIRV7V,86.376,3,0.2,1.0797
4064,EMEA-2020-130358,6/23/2020,20200623,Sweden,EMEA,NOR,Sysco,1084,Consumer Products,SMB,ChatBot Plugin,D4FEMAN1YB,20.016,9,0.2,1.7514
4065,EMEA-2020-130358,6/23/2020,20200623,Sweden,EMEA,NOR,Sysco,1084,Consumer Products,SMB,Support,M9Y9Y9P8QZ,3.104,1,0.2,0.3492
9402,AMER-2020-159814,6/24/2020,20200624,Chile,AMER,LATAM,Amazon,1004,Tech,SMB,SaaS Connector Pack,7ZN4FO131V,4.272,2,0.2,0.9612
1098,AMER-2020-159338,6/25/2020,20200625,United States,AMER,NAMER,Chevron,1017,Energy,Strategic,ContactMatcher,MY1ZTK704V,447.84,5,0.2,11.196
4847,EMEA-2020-164469,6/25/2020,20200625,Belgium,EMEA,EU-WEST,Bosch,1076,Tech,Strategic,Site Analytics,6AFGD7QQRR,263.96,5,0.2,19.797
4848,EMEA-2020-164469,6/25/2020,20200625,Belgium,EMEA,EU-WEST,Bosch,1076,Tech,Strategic,ChatBot Plugin,LX38PB9CBM,71.632,11,0.2,17.908
4849,EMEA-2020-164469,6/25/2020,20200625,Belgium,EMEA,EU-WEST,Bosch,1076,Tech,Strategic,ChatBot Plugin,Q995KZOUOD,9.328,1,0.2,0.8162
2277,EMEA-2020-104283,6/27/2020,20200627,Ukraine,EMEA,EU-EAST,ConocoPhillips,1024,Energy,SMB,Marketing Suite - Gold,99EPICP974,306.2,5,0,0
2278,EMEA-2020-104283,6/27/2020,20200627,Ukraine,EMEA,EU-EAST,ConocoPhillips,1024,Energy,SMB,ContactMatcher,YXLNTN11DK,85.98,1,0,22.3548
2279,EMEA-2020-104283,6/27/2020,20200627,Ukraine,EMEA,EU-EAST,ConocoPhillips,1024,Energy,SMB,Data Smasher,J4FH4PNX40,223.96,4,0,53.7504
818,EMEA-2020-140858,6/28/2020,20200628,France,EMEA,EU-WEST,CVS Health,1026,Retail,SMB,Support,3T4F2NOUC8,41.472,8,0.2,14.5152
819,EMEA-2020-140858,6/28/2020,20200628,France,EMEA,EU-WEST,CVS Health,1026,Retail,SMB,ContactMatcher,R99QYN2E3W,3.168,3,0.7,-2.4288
820,EMEA-2020-140858,6/28/2020,20200628,France,EMEA,EU-WEST,CVS Health,1026,Retail,SMB,FinanceHub,RGSPQGTJFX,1228.465,5,0.3,0
821,EMEA-2020-140858,6/28/2020,20200628,France,EMEA,EU-WEST,CVS Health,1026,Retail,SMB,ContactMatcher,T3GV4OOFFO,31.086,3,0.7,-22.7964
822,EMEA-2020-140858,6/28/2020,20200628,France,EMEA,EU-WEST,CVS Health,1026,Retail,SMB,Support,054N94BRV7,335.52,4,0.2,117.432
2924,AMER-2020-156993,6/28/2020,20200628,Brazil,AMER,LATAM,Chevron,1017,Energy,Strategic,Storage,22RI52CUMR,6.08,1,0,3.04
777,AMER-2020-165974,6/29/2020,20200629,Mexico,AMER,LATAM,Prudential Financial,1078,Finance,SMB,ChatBot Plugin,70GCRVT676,32.76,7,0.2,3.6855
5736,EMEA-2020-111773,6/29/2020,20200629,United Kingdom,EMEA,UKIR,Intel,1051,Tech,SMB,ContactMatcher,HCM9BXIEAJ,13.92,3,0.2,4.872
1414,EMEA-2020-146640,6/30/2020,20200630,United Kingdom,EMEA,UKIR,American Express,1005,Finance,SMB,ContactMatcher,J1QLWNN8UY,334.768,7,0.2,108.7996
2690,APJ-2020-123064,6/30/2020,20200630,Australia,APJ,ANZ,Sony,1028,Tech,SMB,ChatBot Plugin,H5LXW8LBRE,5.248,4,0.2,1.64
3148,AMER-2020-109218,6/30/2020,20200630,United States,AMER,NAMER,Valero Energy,1093,Energy,Strategic,ChatBot Plugin,GE2DPKPEG1,32.4,5,0,10.368
4502,APJ-2020-116757,6/30/2020,20200630,Japan,APJ,JAPN,Toyota Motor,1087,Manufacturing,Strategic,Support,67DEHBYTOC,25.92,5,0.2,9.072
4503,APJ-2020-116757,6/30/2020,20200630,Japan,APJ,JAPN,Toyota Motor,1087,Manufacturing,Strategic,Storage,YJ6DI0VG5X,21.312,6,0.2,7.1928
5153,EMEA-2020-121566,6/30/2020,20200630,United Kingdom,EMEA,UKIR,Goldman Sachs Group,1042,Finance,SMB,ContactMatcher,ZLC00VUL3K,2.688,1,0.2,0.84
5154,EMEA-2020-121566,6/30/2020,20200630,United Kingdom,EMEA,UKIR,Goldman Sachs Group,1042,Finance,SMB,ChatBot Plugin,PTW95TZXXB,6.6,3,0,2.904
8397,EMEA-2020-152254,6/30/2020,20200630,Sweden,EMEA,NOR,Samsung Electronics,1015,Tech,SMB,Support,YIPFRE7R00,310.688,7,0.2,108.7408
716,AMER-2020-153150,7/1/2020,20200701,Canada,AMER,NAMER,Pemex,1058,Energy,Strategic,ContactMatcher,S1TW9YSWPQ,19.92,5,0.2,6.972
1319,EMEA-2020-160773,7/1/2020,20200701,Germany,EMEA,EU-WEST,Safeway,1079,Retail,Strategic,Site Analytics,QGSFAI4H7A,575.92,2,0.2,71.99
1320,EMEA-2020-160773,7/1/2020,20200701,Germany,EMEA,EU-WEST,Safeway,1079,Retail,Strategic,ContactMatcher,2F6E9IZ2DU,5.184,6,0.7,-3.6288
2733,AMER-2020-107594,7/2/2020,20200702,Argentina,AMER,LATAM,Siemens,1043,Manufacturing,SMB,Site Analytics,1ZZAJ2RSGP,73.98,2,0,19.9746
2734,AMER-2020-107594,7/2/2020,20200702,Argentina,AMER,LATAM,Siemens,1043,Manufacturing,SMB,ChatBot Plugin,M78UVUV38N,5.58,1,0,2.1762
6733,EMEA-2020-120096,7/4/2020,20200704,Russia,EMEA,EU-EAST,Tyson Foods,1088,Consumer Products,Strategic,Support,SQ2C8BVGY7,177.536,4,0.2,62.1376
6734,EMEA-2020-120096,7/4/2020,20200704,Russia,EMEA,EU-EAST,Tyson Foods,1088,Consumer Products,Strategic,OneView,DY4BLKO97B,32.432,2,0.2,3.2432
7162,EMEA-2020-138709,7/4/2020,20200704,Spain,EMEA,EU-WEST,Ford Motor,1009,Manufacturing,SMB,Support,YX640U1ZDI,21.84,3,0,10.92
7163,EMEA-2020-138709,7/4/2020,20200704,Spain,EMEA,EU-WEST,Ford Motor,1009,Manufacturing,SMB,ContactMatcher,ZVN1B2XH44,15.6,5,0,7.644
686,EMEA-2020-157784,7/5/2020,20200705,Ukraine,EMEA,EU-EAST,Allstate,1003,Finance,SMB,Data Smasher,SA359RFIQK,479.97,3,0,163.1898
687,EMEA-2020-157784,7/5/2020,20200705,Ukraine,EMEA,EU-EAST,Allstate,1003,Finance,SMB,FinanceHub,KY7N2XBB3M,14.62,2,0,6.8714
688,EMEA-2020-157784,7/5/2020,20200705,Ukraine,EMEA,EU-EAST,Allstate,1003,Finance,SMB,Support,X8TSL0KUTE,19.44,3,0,9.3312
1356,APJ-2020-160444,7/5/2020,20200705,Japan,APJ,JAPN,Sprint Nextel,1081,Communications,SMB,Marketing Suite - Gold,LTFN9X1M2R,220.776,3,0.2,-44.1552
1357,APJ-2020-160444,7/5/2020,20200705,Japan,APJ,JAPN,Sprint Nextel,1081,Communications,SMB,Marketing Suite - Gold,H1JZ8PWF2A,281.424,11,0.2,-35.178
3791,AMER-2020-107139,7/5/2020,20200705,United States,AMER,NAMER,Apple,1008,Tech,Enterprise,ContactMatcher,8J2038D2YJ,180.96,6,0.2,67.86
3885,EMEA-2020-152849,7/5/2020,20200705,South Africa,EMEA,MEA,Engie,1062,Energy,Strategic,ChatBot Plugin,TAUAHDPY10,4.368,3,0.2,0.3822
5437,EMEA-2020-103317,7/5/2020,20200705,Germany,EMEA,EU-WEST,Volkswagen,1046,Manufacturing,Strategic,SaaS Connector Pack,PKCNKQ0ANN,19.52,2,0.2,5.368
5438,EMEA-2020-103317,7/5/2020,20200705,Germany,EMEA,EU-WEST,Volkswagen,1046,Manufacturing,Strategic,ContactMatcher,Q3XP9QCR3H,9.81,5,0.7,-6.867
5439,EMEA-2020-103317,7/5/2020,20200705,Germany,EMEA,EU-WEST,Volkswagen,1046,Manufacturing,Strategic,SaaS Connector Pack,JC3NPQ1NSH,213.216,3,0.2,15.9912
1550,EMEA-2020-134278,7/6/2020,20200706,United Kingdom,EMEA,UKIR,Prudential Financial,1078,Finance,SMB,Alchemy,NNMKHMEN2K,559.992,1,0.2,174.9975
6846,AMER-2020-147543,7/6/2020,20200706,United States,AMER,NAMER,Nestle,1089,Consumer Products,Enterprise,FinanceHub,YBDF2C7QM7,478.48,2,0.2,47.848
4398,EMEA-2020-138758,7/7/2020,20200707,France,EMEA,EU-WEST,Aetna,1002,Healthcare,SMB,FinanceHub,1XO6UDTONZ,172.186,2,0.3,-46.7362
4399,EMEA-2020-138758,7/7/2020,20200707,France,EMEA,EU-WEST,Aetna,1002,Healthcare,SMB,SaaS Connector Pack,0XHSEF3SN9,69.008,2,0.2,12.0764
4780,EMEA-2020-150301,7/8/2020,20200708,United Kingdom,EMEA,UKIR,State Farm Insurance Cos.,1082,Finance,SMB,FinanceHub,QC7VLFJH87,63.882,1,0.1,10.647
6288,AMER-2020-100090,7/8/2020,20200708,United States,AMER,NAMER,Verizon Communications,1094,Communications,Strategic,ContactMatcher,4BEAB9UXKH,502.488,3,0.2,-87.9354
6289,AMER-2020-100090,7/8/2020,20200708,United States,AMER,NAMER,Verizon Communications,1094,Communications,Strategic,ContactMatcher,AVBMH39MTD,196.704,6,0.2,68.8464
3367,APJ-2020-165379,7/9/2020,20200709,Japan,APJ,JAPN,Volkswagen,1046,Manufacturing,Strategic,Support,FK0PMLMQRU,10.368,2,0.2,3.6288
3368,APJ-2020-165379,7/9/2020,20200709,Japan,APJ,JAPN,Volkswagen,1046,Manufacturing,Strategic,Support,34B74ZMV5J,14.352,3,0.2,4.485
8173,AMER-2020-114125,7/9/2020,20200709,United States,AMER,NAMER,General Motors,1041,Manufacturing,Enterprise,FinanceHub,MEANTAB7CO,2.88,1,0,1.4112
8174,AMER-2020-114125,7/9/2020,20200709,United States,AMER,NAMER,General Motors,1041,Manufacturing,Enterprise,ContactMatcher,IY7R82JQ54,41.904,6,0.2,14.1426
8175,AMER-2020-114125,7/9/2020,20200709,United States,AMER,NAMER,General Motors,1041,Manufacturing,Enterprise,Marketing Suite - Gold,L66QCLXSM4,23.92,4,0,4.0664
9243,AMER-2020-113271,7/9/2020,20200709,United States,AMER,NAMER,Walmart,1096,Retail,Enterprise,ContactMatcher,CZ6XF59VXU,14.304,6,0.2,4.6488
9244,AMER-2020-113271,7/9/2020,20200709,United States,AMER,NAMER,Walmart,1096,Retail,Enterprise,Marketing Suite,ZNEHYDHN2P,119.833,1,0.15,7.049
9245,AMER-2020-113271,7/9/2020,20200709,United States,AMER,NAMER,Walmart,1096,Retail,Enterprise,ChatBot Plugin,1HWE9PAJ9K,5.56,2,0,2.224
9246,AMER-2020-113271,7/9/2020,20200709,United States,AMER,NAMER,Walmart,1096,Retail,Enterprise,Support,C8J3OWAICR,32.4,5,0,15.552
1029,AMER-2020-163552,7/11/2020,20200711,Argentina,AMER,LATAM,Intel,1051,Tech,Strategic,Support,98MW2BIGTT,177.2,5,0,83.284
1030,AMER-2020-163552,7/11/2020,20200711,Argentina,AMER,LATAM,Intel,1051,Tech,Strategic,Site Analytics,1AB88Q1FJZ,197.97,3,0,57.4113
1031,AMER-2020-163552,7/11/2020,20200711,Argentina,AMER,LATAM,Intel,1051,Tech,Strategic,FinanceHub,4XAUCGZ9XO,854.94,3,0,213.735
1032,AMER-2020-163552,7/11/2020,20200711,Argentina,AMER,LATAM,Intel,1051,Tech,Strategic,SaaS Connector Pack,8HG0EH9LR1,124.11,9,0,52.1262
1033,AMER-2020-163552,7/11/2020,20200711,Argentina,AMER,LATAM,Intel,1051,Tech,Strategic,FinanceHub,EPKJ7TW2Y7,14.4,5,0,7.056
5801,APJ-2020-123225,7/11/2020,20200711,Japan,APJ,JAPN,Engie,1062,Energy,SMB,Site Analytics,HQ7AQPZV4U,575.968,4,0.2,43.1976
5802,APJ-2020-123225,7/11/2020,20200711,Japan,APJ,JAPN,Engie,1062,Energy,SMB,Support,0LC3JSDC1O,10.368,2,0.2,3.6288
6335,EMEA-2020-133305,7/11/2020,20200711,United Kingdom,EMEA,UKIR,Siemens,1043,Manufacturing,SMB,Support,FINMQQNOP0,49.12,4,0,23.0864
6336,EMEA-2020-133305,7/11/2020,20200711,United Kingdom,EMEA,UKIR,Siemens,1043,Manufacturing,SMB,ContactMatcher,GXVB3GJ0GW,18.28,5,0.2,6.398
9934,EMEA-2020-166555,7/11/2020,20200711,United Kingdom,EMEA,UKIR,Kroger,1057,Retail,SMB,Site Analytics,ZHE9SDAS5Y,164.85,3,0,47.8065
338,AMER-2020-129924,7/12/2020,20200712,United States,AMER,NAMER,Sprint Nextel,1081,Communications,Strategic,ContactMatcher,QZ930GKLTZ,7.712,2,0.2,2.7956
339,AMER-2020-129924,7/12/2020,20200712,United States,AMER,NAMER,Sprint Nextel,1081,Communications,Strategic,ContactMatcher,W6G2PNXY91,698.352,3,0.2,-17.4588
1221,AMER-2020-110184,7/12/2020,20200712,United States,AMER,NAMER,Cisco Systems,1019,Tech,Enterprise,Marketing Suite - Gold,3V42A7O0LD,249.75,9,0,44.955
1222,AMER-2020-110184,7/12/2020,20200712,United States,AMER,NAMER,Cisco Systems,1019,Tech,Enterprise,Site Analytics,U8UOBDZ9YI,255.936,8,0.2,28.7928
2982,AMER-2020-131310,7/12/2020,20200712,Canada,AMER,NAMER,Walmart,1096,Retail,SMB,FinanceHub,I22LOIKD0R,123.136,4,0.2,13.8528
2983,AMER-2020-131310,7/12/2020,20200712,Canada,AMER,NAMER,Walmart,1096,Retail,SMB,ContactMatcher,6G23WBXMAU,11.264,4,0.2,3.8016
7399,APJ-2020-124807,7/12/2020,20200712,Australia,APJ,ANZ,Honda Motor,1045,Manufacturing,SMB,Support,LFMWDPRA3S,35.856,9,0.2,12.9978
7400,APJ-2020-124807,7/12/2020,20200712,Australia,APJ,ANZ,Honda Motor,1045,Manufacturing,SMB,Data Smasher,5NOY932A32,23.84,4,0.2,3.278
8314,APJ-2020-161508,7/12/2020,20200712,Japan,APJ,JAPN,Panasonic,1091,Tech,Enterprise,FinanceHub,DED1RAU1FA,512.358,3,0.3,-14.6388
8315,APJ-2020-161508,7/12/2020,20200712,Japan,APJ,JAPN,Panasonic,1091,Tech,Enterprise,Storage,LW9USRY51O,3.488,2,0.2,0.5668
8316,APJ-2020-161508,7/12/2020,20200712,Japan,APJ,JAPN,Panasonic,1091,Tech,Enterprise,ChatBot Plugin,LMM0BZQ8J7,22.288,7,0.2,3.9004
8317,APJ-2020-161508,7/12/2020,20200712,Japan,APJ,JAPN,Panasonic,1091,Tech,Enterprise,Support,S8EHU5W7L0,16.032,3,0.2,5.6112
4552,AMER-2020-165862,7/13/2020,20200713,United States,AMER,NAMER,Bosch,1076,Tech,Strategic,ContactMatcher,UNWMB28WCL,351.216,3,0.2,4.3902
2207,APJ-2020-103905,7/14/2020,20200714,Australia,APJ,ANZ,Exxon Mobil,1034,Energy,Enterprise,ContactMatcher,P8W6TTYRY2,29.932,7,0.8,-46.3946
2208,APJ-2020-103905,7/14/2020,20200714,Australia,APJ,ANZ,Exxon Mobil,1034,Energy,Enterprise,Site Analytics,YG4SZN9KPW,38.272,4,0.2,3.8272
2996,AMER-2020-150532,7/14/2020,20200714,Chile,AMER,LATAM,American Express,1005,Finance,SMB,Marketing Suite - Gold,I2X5CA6IMY,55.92,5,0.2,6.291
6932,EMEA-2020-164182,7/14/2020,20200714,France,EMEA,EU-WEST,UnitedHealth Group,1092,Healthcare,SMB,Site Analytics,3CFMP0KN3N,13.494,1,0.4,-2.249
6933,EMEA-2020-164182,7/14/2020,20200714,France,EMEA,EU-WEST,UnitedHealth Group,1092,Healthcare,SMB,Site Analytics,4FSQBFISN2,23.988,2,0.4,-13.993
6934,EMEA-2020-164182,7/14/2020,20200714,France,EMEA,EU-WEST,UnitedHealth Group,1092,Healthcare,SMB,SaaS Connector Pack,IQAVCSE94P,31.984,2,0.2,1.1994
6935,EMEA-2020-164182,7/14/2020,20200714,France,EMEA,EU-WEST,UnitedHealth Group,1092,Healthcare,SMB,ChatBot Plugin,0PR6L5K742,41.584,2,0.2,4.6782
7624,APJ-2020-124464,7/14/2020,20200714,Philippines,APJ,APAC,Safeway,1079,Retail,Enterprise,OneView,Q3ZBQIQ8ML,39.48,1,0,11.0544
8053,EMEA-2020-109904,7/14/2020,20200714,United Kingdom,EMEA,UKIR,Comcast,1022,Communications,Strategic,ChatBot Plugin,B2CRSEVVGP,17.94,3,0,4.485
3270,EMEA-2020-115980,7/15/2020,20200715,Croatia,EMEA,EU-WEST,Tyson Foods,1088,Consumer Products,Strategic,Data Smasher,5TWPKFFNMI,2.97,3,0,1.3068
3271,EMEA-2020-115980,7/15/2020,20200715,Croatia,EMEA,EU-WEST,Tyson Foods,1088,Consumer Products,Strategic,Storage,23PCODA5FI,6.54,3,0,2.6814
2103,AMER-2020-123295,7/18/2020,20200718,Chile,AMER,LATAM,Ford Motor,1009,Manufacturing,Enterprise,FinanceHub,P19XEIA2K3,259.136,4,0.2,-25.9136
9030,EMEA-2020-138198,7/18/2020,20200718,United Kingdom,EMEA,UKIR,Comcast,1022,Communications,SMB,ContactMatcher,953ER8Q59T,13.904,2,0.2,4.5188
3354,EMEA-2020-150434,7/19/2020,20200719,Saudi Arabia,EMEA,MEA,Amazon,1004,Tech,Strategic,Site Analytics,DTQPJGFOSM,359.98,2,0,93.5948
3355,EMEA-2020-150434,7/19/2020,20200719,Saudi Arabia,EMEA,MEA,Amazon,1004,Tech,Strategic,ContactMatcher,3P3YNIML2Q,70.56,1,0.3,-4.032
3356,EMEA-2020-150434,7/19/2020,20200719,Saudi Arabia,EMEA,MEA,Amazon,1004,Tech,Strategic,ContactMatcher,BDA0U03QMU,20.88,2,0,9.6048
3357,EMEA-2020-150434,7/19/2020,20200719,Saudi Arabia,EMEA,MEA,Amazon,1004,Tech,Strategic,ContactMatcher,9ZECHV8BJ6,3.81,1,0,1.8288
5589,EMEA-2020-168158,7/19/2020,20200719,Netherlands,EMEA,EU-WEST,Home Depot,1047,Retail,Enterprise,ContactMatcher,N4EXN81HV9,6.096,2,0.2,2.2098
3076,APJ-2020-143903,7/20/2020,20200720,Japan,APJ,JAPN,Walt Disney,1097,Communications,Enterprise,Marketing Suite - Gold,AEZLE12XDV,342.864,3,0.2,38.5722
3077,APJ-2020-143903,7/20/2020,20200720,Japan,APJ,JAPN,Walt Disney,1097,Communications,Enterprise,SaaS Connector Pack,3URF19QZQW,16.74,5,0.6,-14.229
3078,APJ-2020-143903,7/20/2020,20200720,Japan,APJ,JAPN,Walt Disney,1097,Communications,Enterprise,FinanceHub,WQZ4P1D3MQ,981.372,2,0.3,-140.196
4395,AMER-2020-142965,7/20/2020,20200720,Mexico,AMER,LATAM,Allianz,1080,Finance,SMB,Marketing Suite - Gold,6TQWN11JF6,25.984,1,0.2,-5.1968
4396,AMER-2020-142965,7/20/2020,20200720,Mexico,AMER,LATAM,Allianz,1080,Finance,SMB,ContactMatcher,4OKISJQ4SL,27.36,3,0.7,-21.888
5969,AMER-2020-141726,7/20/2020,20200720,United States,AMER,NAMER,Aetna,1002,Healthcare,SMB,Support,XWH77ACCXN,104.85,1,0,50.328
5970,AMER-2020-141726,7/20/2020,20200720,United States,AMER,NAMER,Aetna,1002,Healthcare,SMB,ContactMatcher,BOS5KJPP78,8.704,2,0.2,3.1552
5971,AMER-2020-141726,7/20/2020,20200720,United States,AMER,NAMER,Aetna,1002,Healthcare,SMB,Support,JSFNQLIOSH,19.92,4,0,9.7608
5972,AMER-2020-141726,7/20/2020,20200720,United States,AMER,NAMER,Aetna,1002,Healthcare,SMB,SaaS Connector Pack,UNYA9R2V5M,43.02,3,0,15.4872
7229,AMER-2020-157546,7/20/2020,20200720,United States,AMER,NAMER,Goldman Sachs Group,1042,Finance,SMB,ContactMatcher,IMIW4IRG7J,89.712,6,0.2,30.2778
7230,AMER-2020-157546,7/20/2020,20200720,United States,AMER,NAMER,Goldman Sachs Group,1042,Finance,SMB,Support,A3LEGYIHQH,22.83,3,0,10.7301
8130,AMER-2020-127866,7/20/2020,20200720,United States,AMER,NAMER,General Motors,1041,Manufacturing,Strategic,Data Smasher,W2K0C8U5OG,41.94,2,0,15.0984
8131,AMER-2020-127866,7/20/2020,20200720,United States,AMER,NAMER,General Motors,1041,Manufacturing,Strategic,Support,FQNPSNZOV4,11.96,2,0,5.8604
8132,AMER-2020-127866,7/20/2020,20200720,United States,AMER,NAMER,General Motors,1041,Manufacturing,Strategic,ChatBot Plugin,1XIF6QO0LC,13.12,4,0,3.8048
8133,AMER-2020-127866,7/20/2020,20200720,United States,AMER,NAMER,General Motors,1041,Manufacturing,Strategic,Marketing Suite - Gold,ZTW0MV64F8,535.41,3,0,160.623
1871,AMER-2020-116932,7/21/2020,20200721,United States,AMER,NAMER,Johnson & Johnson,1055,Healthcare,Strategic,ChatBot Plugin,SF9OB3GE6Z,99.2,5,0,25.792
1872,AMER-2020-116932,7/21/2020,20200721,United States,AMER,NAMER,Johnson & Johnson,1055,Healthcare,Strategic,FinanceHub,UWJR92CASK,801.568,2,0.2,50.098
1873,AMER-2020-116932,7/21/2020,20200721,United States,AMER,NAMER,Johnson & Johnson,1055,Healthcare,Strategic,ContactMatcher,OCNJLFNP2C,272.848,1,0.2,27.2848
8022,APJ-2020-129189,7/21/2020,20200721,Japan,APJ,JAPN,BNP Paribas,1065,Finance,Strategic,OneView,QFTCHUVLXI,4.992,3,0.8,-12.9792
8023,APJ-2020-129189,7/21/2020,20200721,Japan,APJ,JAPN,BNP Paribas,1065,Finance,Strategic,SaaS Connector Pack - Gold,BH4ZLLC54P,87.92,5,0.2,29.673
8024,APJ-2020-129189,7/21/2020,20200721,Japan,APJ,JAPN,BNP Paribas,1065,Finance,Strategic,FinanceHub,KNBTOGETAZ,657.93,5,0.3,-93.99
8025,APJ-2020-129189,7/21/2020,20200721,Japan,APJ,JAPN,BNP Paribas,1065,Finance,Strategic,ContactMatcher,GP052WRPW3,1.044,1,0.8,-1.827
8481,AMER-2020-109890,7/21/2020,20200721,Costa Rica,AMER,LATAM,Lowes,1060,Retail,SMB,Site Analytics,LGHA2Z9XUE,35.98,2,0,10.0744
483,EMEA-2020-127691,7/22/2020,20200722,United Kingdom,EMEA,UKIR,State Farm Insurance Cos.,1082,Finance,SMB,ChatBot Plugin,U7VC6ULA7B,5.96,2,0,1.6688
484,EMEA-2020-127691,7/22/2020,20200722,United Kingdom,EMEA,UKIR,State Farm Insurance Cos.,1082,Finance,SMB,Data Smasher,3HLKDHTUB2,159.98,2,0,57.5928
7167,AMER-2020-117464,7/22/2020,20200722,United States,AMER,NAMER,Caterpillar,1016,Manufacturing,SMB,ChatBot Plugin,MTJJB68AQF,11.52,4,0,3.2256
7168,AMER-2020-117464,7/22/2020,20200722,United States,AMER,NAMER,Caterpillar,1016,Manufacturing,SMB,FinanceHub,I0TE461BIJ,717.72,3,0.2,71.772
7169,AMER-2020-117464,7/22/2020,20200722,United States,AMER,NAMER,Caterpillar,1016,Manufacturing,SMB,Marketing Suite - Gold,AZXE1X5T5G,236.5,10,0,68.585
7170,AMER-2020-117464,7/22/2020,20200722,United States,AMER,NAMER,Caterpillar,1016,Manufacturing,SMB,ContactMatcher,R69F4K1DAL,170.352,3,0.2,19.1646
9484,AMER-2020-122679,7/22/2020,20200722,United States,AMER,NAMER,Royal Dutch Shell,1031,Energy,Enterprise,ChatBot Plugin,3A42S48BSP,19.68,6,0,6.4944
9675,APJ-2020-164644,7/22/2020,20200722,Japan,APJ,JAPN,AmerisourceBergen,1007,Healthcare,SMB,Marketing Suite - Gold,VV2Z0WSLRY,26.632,1,0.2,1.3316
373,AMER-2020-119137,7/23/2020,20200723,Chile,AMER,LATAM,BMW,1039,Manufacturing,SMB,ContactMatcher,2VG1LP736K,8.16,5,0.7,-5.712
374,AMER-2020-119137,7/23/2020,20200723,Chile,AMER,LATAM,BMW,1039,Manufacturing,SMB,Data Smasher,SY03L2AZJC,1023.936,8,0.2,179.1888
375,AMER-2020-119137,7/23/2020,20200723,Chile,AMER,LATAM,BMW,1039,Manufacturing,SMB,ChatBot Plugin,ILH5Z26GBC,9.24,1,0.2,0.924
376,AMER-2020-119137,7/23/2020,20200723,Chile,AMER,LATAM,BMW,1039,Manufacturing,SMB,Data Smasher,684LD1AMQV,479.04,10,0.2,-29.94
7411,EMEA-2020-103058,7/23/2020,20200723,United Kingdom,EMEA,UKIR,Home Depot,1047,Retail,SMB,Data Smasher,B0OQQSGXRW,99.98,2,0,7.9984
9422,AMER-2020-145254,7/23/2020,20200723,United States,AMER,NAMER,Ford Motor,1009,Manufacturing,Strategic,Site Analytics,JRRF0WHIJJ,604.752,6,0.2,60.4752
9423,AMER-2020-145254,7/23/2020,20200723,United States,AMER,NAMER,Ford Motor,1009,Manufacturing,Strategic,Support,UZRM9UEEPH,40.7,5,0,11.803
9424,AMER-2020-145254,7/23/2020,20200723,United States,AMER,NAMER,Ford Motor,1009,Manufacturing,Strategic,Site Analytics,BWJN1B9SYV,302.376,3,0.2,37.797
9425,AMER-2020-145254,7/23/2020,20200723,United States,AMER,NAMER,Ford Motor,1009,Manufacturing,Strategic,Data Smasher,TSTXB43YS0,45,3,0,4.95
2505,AMER-2020-143917,7/25/2020,20200725,United States,AMER,NAMER,Target,1085,Retail,SMB,Marketing Suite - Gold,S07T18ALJF,53.72,4,0,15.0416
2506,AMER-2020-143917,7/25/2020,20200725,United States,AMER,NAMER,Target,1085,Retail,SMB,Support,VW5YAKBYXO,8187.65,5,0,327.506
2507,AMER-2020-143917,7/25/2020,20200725,United States,AMER,NAMER,Target,1085,Retail,SMB,SaaS Connector Pack,X4PL51Q2PB,77.92,8,0,34.2848
3647,AMER-2020-146528,7/25/2020,20200725,United States,AMER,NAMER,Intel,1051,Tech,Enterprise,Support,C6LLKCIV90,6.48,1,0,3.1752
3648,AMER-2020-146528,7/25/2020,20200725,United States,AMER,NAMER,Intel,1051,Tech,Enterprise,Support,ROROJT66K3,15.52,4,0,4.5008
2344,APJ-2020-155894,7/26/2020,20200726,Australia,APJ,ANZ,Oracle,1072,Tech,SMB,Marketing Suite - Gold,GW1TFI03YE,123.552,3,0.2,-29.3436
3838,EMEA-2020-126760,7/26/2020,20200726,Israel,EMEA,EU-EAST,Mondelez International,1067,Consumer Products,SMB,Site Analytics,JFJHMSEUAI,911.984,2,0.2,113.998
3839,EMEA-2020-126760,7/26/2020,20200726,Israel,EMEA,EU-EAST,Mondelez International,1067,Consumer Products,SMB,FinanceHub,PHXP3CM8BJ,674.352,3,0.2,-109.5822
3840,EMEA-2020-126760,7/26/2020,20200726,Israel,EMEA,EU-EAST,Mondelez International,1067,Consumer Products,SMB,SaaS Connector Pack,7I7X7U13HA,134.01,9,0,36.1827
3841,EMEA-2020-126760,7/26/2020,20200726,Israel,EMEA,EU-EAST,Mondelez International,1067,Consumer Products,SMB,Data Smasher,4BENHD68G0,170.97,3,0,70.0977
6423,EMEA-2020-159121,7/26/2020,20200726,Turkey,EMEA,MEA,Exxon Mobil,1034,Energy,Strategic,Data Smasher,C6TIFTL21K,111.93,7,0,34.6983
7341,EMEA-2020-116190,7/26/2020,20200726,Finland,EMEA,NOR,Home Depot,1047,Retail,SMB,FinanceHub,XJEJAD1XPT,67.88,2,0,18.3276
7342,EMEA-2020-116190,7/26/2020,20200726,Finland,EMEA,NOR,Home Depot,1047,Retail,SMB,FinanceHub,AN4ZOVGRSM,162.89,13,0,76.5583
7343,EMEA-2020-116190,7/26/2020,20200726,Finland,EMEA,NOR,Home Depot,1047,Retail,SMB,SaaS Connector Pack,KI592EPP6Q,25.71,3,0,9.2556
9775,APJ-2020-169019,7/26/2020,20200726,Japan,APJ,JAPN,Bosch,1076,Tech,SMB,ContactMatcher,FT1VQ5PHAG,2177.584,8,0.8,-3701.8928
9776,APJ-2020-169019,7/26/2020,20200726,Japan,APJ,JAPN,Bosch,1076,Tech,SMB,SaaS Connector Pack,QCL81AQBZ4,17.496,3,0.6,-10.0602
9777,APJ-2020-169019,7/26/2020,20200726,Japan,APJ,JAPN,Bosch,1076,Tech,SMB,ContactMatcher,QYPZSPC8KD,16.784,4,0.8,-26.8544
9778,APJ-2020-169019,7/26/2020,20200726,Japan,APJ,JAPN,Bosch,1076,Tech,SMB,Data Smasher,B35C550084,431.136,9,0.2,-26.946
9779,APJ-2020-169019,7/26/2020,20200726,Japan,APJ,JAPN,Bosch,1076,Tech,SMB,ContactMatcher,RNZM8R2D1W,8.88,5,0.8,-13.32
9780,APJ-2020-169019,7/26/2020,20200726,Japan,APJ,JAPN,Bosch,1076,Tech,SMB,OneView,0CING46MXN,4.836,2,0.8,-12.09
3866,AMER-2020-124709,7/27/2020,20200727,United States,AMER,NAMER,Amazon,1004,Tech,SMB,Data Smasher,E2M3L9TCBO,238,2,0,38.08
4580,EMEA-2020-150126,7/27/2020,20200727,United Kingdom,EMEA,UKIR,Caterpillar,1016,Manufacturing,Strategic,Support,Z4RS7QQN4Z,65.78,11,0,32.2322
8888,AMER-2020-169642,7/27/2020,20200727,United States,AMER,NAMER,Lowes,1060,Retail,Strategic,Marketing Suite - Gold,64J5RPFNID,276.28,2,0,0
5687,EMEA-2020-131541,7/28/2020,20200728,Germany,EMEA,EU-WEST,Banco Santander,1101,Finance,SMB,Storage,R4SY47CEX2,14.32,5,0.2,5.191
5688,EMEA-2020-131541,7/28/2020,20200728,Germany,EMEA,EU-WEST,Banco Santander,1101,Finance,SMB,SaaS Connector Pack,G0HNGC97HU,129.888,6,0.2,12.9888
5689,EMEA-2020-131541,7/28/2020,20200728,Germany,EMEA,EU-WEST,Banco Santander,1101,Finance,SMB,SaaS Connector Pack - Gold,SC2954HLDX,48.944,7,0.2,16.5186
5162,AMER-2020-111192,7/30/2020,20200730,Canada,AMER,NAMER,PepsiCo,1073,Consumer Products,Strategic,Marketing Suite,DSHSMCV27D,1367.84,8,0,259.8896
1838,EMEA-2020-117345,8/1/2020,20200801,Sweden,EMEA,NOR,Comcast,1022,Communications,Strategic,FinanceHub,2QOULC4726,17.544,3,0.2,5.9211
1839,EMEA-2020-117345,8/1/2020,20200801,Sweden,EMEA,NOR,Comcast,1022,Communications,Strategic,SaaS Connector Pack,H25WGCKNC2,44.128,4,0.2,12.1352
1840,EMEA-2020-117345,8/1/2020,20200801,Sweden,EMEA,NOR,Comcast,1022,Communications,Strategic,OneView,P7GJ9UKFMU,62.92,1,0.2,10.2245
1841,EMEA-2020-117345,8/1/2020,20200801,Sweden,EMEA,NOR,Comcast,1022,Communications,Strategic,Support,S61IGS36FI,78.304,2,0.2,29.364
2173,AMER-2020-152296,8/1/2020,20200801,United States,AMER,NAMER,Allianz,1080,Finance,SMB,ContactMatcher,W99OW2Q7UT,19.752,3,0.2,6.9132
2411,EMEA-2020-162684,8/1/2020,20200801,France,EMEA,EU-WEST,Caterpillar,1016,Manufacturing,Enterprise,Storage,7UT02TJTTY,5.68,2,0.2,1.917
6173,EMEA-2020-106299,8/2/2020,20200802,Poland,EMEA,EU-WEST,Siemens,1043,Manufacturing,Enterprise,ContactMatcher,1JGRNS4NQX,26.7,5,0,12.549
6174,EMEA-2020-106299,8/2/2020,20200802,Poland,EMEA,EU-WEST,Siemens,1043,Manufacturing,Enterprise,Data Smasher,DBK172DR3S,21.2,2,0,9.116
6175,EMEA-2020-106299,8/2/2020,20200802,Poland,EMEA,EU-WEST,Siemens,1043,Manufacturing,Enterprise,Marketing Suite - Gold,577R8MT1UQ,838.38,2,0,226.3626
202,EMEA-2020-133690,8/3/2020,20200803,Russia,EMEA,EU-EAST,Johnson & Johnson,1055,Healthcare,SMB,ContactMatcher,ME0EJQS2AL,218.75,2,0.5,-161.875
203,EMEA-2020-133690,8/3/2020,20200803,Russia,EMEA,EU-EAST,Johnson & Johnson,1055,Healthcare,SMB,OneView,W10QUN44Q0,2.6,1,0.2,0.2925
856,EMEA-2020-125612,8/3/2020,20200803,United Kingdom,EMEA,UKIR,Abbott Laboratories,1001,Healthcare,SMB,Support,05M7F9549P,39.96,2,0,18.7812
857,EMEA-2020-125612,8/3/2020,20200803,United Kingdom,EMEA,UKIR,Abbott Laboratories,1001,Healthcare,SMB,Support,N8T6S8H6I0,102.3,10,0,26.598
858,EMEA-2020-125612,8/3/2020,20200803,United Kingdom,EMEA,UKIR,Abbott Laboratories,1001,Healthcare,SMB,Marketing Suite - Gold,ZNKW3H6PN4,21.36,2,0,5.7672
3156,AMER-2020-128986,8/3/2020,20200803,Chile,AMER,LATAM,General Motors,1041,Manufacturing,Enterprise,Support,HSOOPTCRCM,93.024,3,0.2,33.7212
1376,EMEA-2020-126361,8/4/2020,20200804,Turkey,EMEA,MEA,United Parcel Service,1090,Transportation,SMB,OneView,D43ETRJ9VP,1089.75,3,0,305.13
1377,EMEA-2020-126361,8/4/2020,20200804,Turkey,EMEA,MEA,United Parcel Service,1090,Transportation,SMB,Support,AVP0LG9JQW,447.84,8,0,219.4416
1378,EMEA-2020-126361,8/4/2020,20200804,Turkey,EMEA,MEA,United Parcel Service,1090,Transportation,SMB,ChatBot Plugin,T3TAFZ25GL,16.4,5,0,4.264
1379,EMEA-2020-126361,8/4/2020,20200804,Turkey,EMEA,MEA,United Parcel Service,1090,Transportation,SMB,Site Analytics,2HJDQN9PMW,399.96,5,0.2,34.9965
1380,EMEA-2020-126361,8/4/2020,20200804,Turkey,EMEA,MEA,United Parcel Service,1090,Transportation,SMB,Marketing Suite - Gold,VRLPIECWB4,158.9,5,0,7.945
1381,EMEA-2020-126361,8/4/2020,20200804,Turkey,EMEA,MEA,United Parcel Service,1090,Transportation,SMB,ContactMatcher,F5MV0D2BYK,13.184,1,0.2,4.7792
9157,EMEA-2020-134215,8/4/2020,20200804,Denmark,EMEA,EU-WEST,Siemens,1043,Manufacturing,Strategic,OneView,AG4YWCH2SO,101.96,2,0,27.5292
9158,EMEA-2020-134215,8/4/2020,20200804,Denmark,EMEA,EU-WEST,Siemens,1043,Manufacturing,Strategic,Support,PUB1K24F47,259.74,13,0,124.6752
9159,EMEA-2020-134215,8/4/2020,20200804,Denmark,EMEA,EU-WEST,Siemens,1043,Manufacturing,Strategic,Data Smasher,PNS85ZATQ0,255.42,9,0,104.7222
172,AMER-2020-118962,8/5/2020,20200805,United States,AMER,NAMER,Chevron,1017,Energy,SMB,Support,KXGXCS33MA,20.94,3,0,9.8418
173,AMER-2020-118962,8/5/2020,20200805,United States,AMER,NAMER,Chevron,1017,Energy,SMB,Support,C15MBHGL0V,110.96,2,0,53.2608
174,AMER-2020-118962,8/5/2020,20200805,United States,AMER,NAMER,Chevron,1017,Energy,SMB,FinanceHub,2IIYIRAN77,340.144,7,0.2,21.259
5358,AMER-2020-150490,8/5/2020,20200805,United States,AMER,NAMER,Tesco,1059,Retail,SMB,Data Smasher,XW2YH1CP0N,16.36,1,0,1.636
5359,AMER-2020-150490,8/5/2020,20200805,United States,AMER,NAMER,Tesco,1059,Retail,SMB,Marketing Suite - Gold,A2T1Q25QOH,15.78,2,0,0.6312
5360,AMER-2020-150490,8/5/2020,20200805,United States,AMER,NAMER,Tesco,1059,Retail,SMB,ChatBot Plugin,RW05BNJKNC,45.98,2,0,12.8744
5865,EMEA-2020-117968,8/5/2020,20200805,Saudi Arabia,EMEA,MEA,Volkswagen,1046,Manufacturing,Strategic,OneView,QGH1ONOCP6,79.47,3,0,22.2516
5866,EMEA-2020-117968,8/5/2020,20200805,Saudi Arabia,EMEA,MEA,Volkswagen,1046,Manufacturing,Strategic,ChatBot Plugin,4M1H0Z2HMU,4.56,2,0,2.0064
5867,EMEA-2020-117968,8/5/2020,20200805,Saudi Arabia,EMEA,MEA,Volkswagen,1046,Manufacturing,Strategic,FinanceHub,5ZJ3QTJSUI,1133.35,5,0,294.671
6457,EMEA-2020-110065,8/5/2020,20200805,United Kingdom,EMEA,UKIR,Engie,1062,Energy,Strategic,Site Analytics,3WD6F364EN,135.99,1,0,36.7173
6458,EMEA-2020-110065,8/5/2020,20200805,United Kingdom,EMEA,UKIR,Engie,1062,Energy,Strategic,ChatBot Plugin,AILVNB5XAS,15.96,7,0,7.0224
8894,APJ-2020-124723,8/5/2020,20200805,Japan,APJ,JAPN,Trafigura Group,1100,Finance,SMB,ContactMatcher,4LSV9QWHED,489.23,2,0.3,41.934
3773,AMER-2020-115357,8/6/2020,20200806,Colombia,AMER,LATAM,FedEx,1036,Transportation,SMB,Data Smasher,3RLKYUY8LB,62.91,3,0,22.6476
8544,EMEA-2020-137575,8/6/2020,20200806,United Kingdom,EMEA,UKIR,Cisco Systems,1019,Tech,SMB,Data Smasher,Y7RZ73IF35,199.98,2,0,83.9916
595,AMER-2020-131450,8/8/2020,20200808,United States,AMER,NAMER,Alphabet,1053,Tech,SMB,OneView,QZYTCRDUQC,76.12,2,0,22.0748
596,AMER-2020-131450,8/8/2020,20200808,United States,AMER,NAMER,Alphabet,1053,Tech,SMB,Alchemy,LPCAI4QERL,1199.976,3,0.2,434.9913
597,AMER-2020-131450,8/8/2020,20200808,United States,AMER,NAMER,Alphabet,1053,Tech,SMB,Site Analytics,WX20EGXRBF,445.96,5,0.2,55.745
598,AMER-2020-131450,8/8/2020,20200808,United States,AMER,NAMER,Alphabet,1053,Tech,SMB,SaaS Connector Pack,N21C526QYI,327.76,8,0,91.7728
1466,AMER-2020-151708,8/8/2020,20200808,Chile,AMER,LATAM,Gazprom,1027,Energy,SMB,SaaS Connector Pack,82YL02NIO8,121.376,4,0.2,-3.0344
1467,AMER-2020-151708,8/8/2020,20200808,Chile,AMER,LATAM,Gazprom,1027,Energy,SMB,Data Smasher,024IQXOUEO,95.976,3,0.2,-10.7973
2751,AMER-2020-154669,8/8/2020,20200808,United States,AMER,NAMER,Sysco,1084,Consumer Products,SMB,Marketing Suite - Gold,AQ08V66IDQ,423.28,11,0,110.0528
5069,AMER-2020-124478,8/8/2020,20200808,Brazil,AMER,LATAM,Glencore,1083,Misc,Enterprise,Alchemy,BF4N358SO4,549.99,1,0,274.995
5070,AMER-2020-124478,8/8/2020,20200808,Brazil,AMER,LATAM,Glencore,1083,Misc,Enterprise,OneView,7SLLH30KF7,167.535,3,0.1,37.23
5071,AMER-2020-124478,8/8/2020,20200808,Brazil,AMER,LATAM,Glencore,1083,Misc,Enterprise,SaaS Connector Pack - Gold,D23FPTL2DG,38.34,3,0,17.253
5072,AMER-2020-124478,8/8/2020,20200808,Brazil,AMER,LATAM,Glencore,1083,Misc,Enterprise,SaaS Connector Pack,W0DWWQWANP,53.88,6,0,22.6296
5073,AMER-2020-124478,8/8/2020,20200808,Brazil,AMER,LATAM,Glencore,1083,Misc,Enterprise,Site Analytics,SF8G3CBH9B,299.98,2,0,83.9944
8955,EMEA-2020-156790,8/8/2020,20200808,Germany,EMEA,EU-WEST,ConocoPhillips,1024,Energy,SMB,Marketing Suite,7J0V41UW2W,155.456,4,0.2,-7.7728
315,EMEA-2020-167850,8/9/2020,20200809,Germany,EMEA,EU-WEST,Enel,1013,Energy,Strategic,Site Analytics,OLWR6J56VS,178.384,2,0.2,22.298
316,EMEA-2020-167850,8/9/2020,20200809,Germany,EMEA,EU-WEST,Enel,1013,Energy,Strategic,Support,3N758X9JTI,15.552,3,0.2,5.4432
1741,AMER-2020-110527,8/9/2020,20200809,United States,AMER,NAMER,Daimler,1052,Transportation,Enterprise,FinanceHub,6HJBGH20DR,20.88,8,0,9.6048
3392,AMER-2020-166471,8/9/2020,20200809,Canada,AMER,NAMER,UnitedHealth Group,1092,Healthcare,Enterprise,Site Analytics,WRZAY25NHH,1091.168,4,0.2,68.198
3393,AMER-2020-166471,8/9/2020,20200809,Canada,AMER,NAMER,UnitedHealth Group,1092,Healthcare,Enterprise,Site Analytics,0WMTR2OBG6,219.168,2,0.2,-43.8336
3629,AMER-2020-169726,8/9/2020,20200809,Canada,AMER,NAMER,Morgan Stanley,1068,Finance,SMB,ContactMatcher,4L7LSN2J72,2060.744,7,0.2,643.9825
7070,AMER-2020-141901,8/9/2020,20200809,United States,AMER,NAMER,Oracle,1072,Tech,SMB,Support,111OWDPBBW,5.98,1,0,2.691
7433,AMER-2020-161249,8/9/2020,20200809,Chile,AMER,LATAM,Goldman Sachs Group,1042,Finance,SMB,Storage,WBPWAMF066,4.464,3,0.2,-0.9486
7434,AMER-2020-161249,8/9/2020,20200809,Chile,AMER,LATAM,Goldman Sachs Group,1042,Finance,SMB,ContactMatcher,894TOLBBU3,9.345,5,0.7,-6.5415
1239,AMER-2020-127012,8/11/2020,20200811,Canada,AMER,NAMER,Intel,1051,Tech,SMB,SaaS Connector Pack,8VKB33UIH0,12.35,1,0,5.434
1240,AMER-2020-127012,8/11/2020,20200811,Canada,AMER,NAMER,Intel,1051,Tech,SMB,ChatBot Plugin,NE5TPM9IWB,40.97,1,0,10.6522
1241,AMER-2020-127012,8/11/2020,20200811,Canada,AMER,NAMER,Intel,1051,Tech,SMB,Storage,8EXUREH12V,22.96,2,0,10.7912
3230,EMEA-2020-154641,8/11/2020,20200811,United Kingdom,EMEA,UKIR,Target,1085,Retail,SMB,Marketing Suite - Gold,Q55VRRC0XF,375.34,1,0,18.767
6769,AMER-2020-109302,8/12/2020,20200812,Argentina,AMER,LATAM,Aetna,1002,Healthcare,Strategic,ContactMatcher,IO0FML7Q52,196.21,7,0,98.105
8244,AMER-2020-109897,8/12/2020,20200812,United States,AMER,NAMER,Pfizer,1074,Healthcare,SMB,Site Analytics,HIHNZTOMNY,806.336,8,0.2,50.396
8245,AMER-2020-109897,8/12/2020,20200812,United States,AMER,NAMER,Pfizer,1074,Healthcare,SMB,SaaS Connector Pack,LD0O399OKA,85.44,3,0,31.6128
8287,EMEA-2020-156244,8/12/2020,20200812,Germany,EMEA,EU-WEST,Sony,1028,Tech,Enterprise,Support,F8IBKCM74S,31.104,6,0.2,10.8864
8288,EMEA-2020-156244,8/12/2020,20200812,Germany,EMEA,EU-WEST,Sony,1028,Tech,Enterprise,ChatBot Plugin,OL5ARW03O1,47.96,5,0.2,4.1965
8289,EMEA-2020-156244,8/12/2020,20200812,Germany,EMEA,EU-WEST,Sony,1028,Tech,Enterprise,Data Smasher,8LP9W4P40O,158.928,7,0.2,41.7186
8290,EMEA-2020-156244,8/12/2020,20200812,Germany,EMEA,EU-WEST,Sony,1028,Tech,Enterprise,OneView,H0XIXD8MST,211.248,6,0.2,15.8436
8291,EMEA-2020-156244,8/12/2020,20200812,Germany,EMEA,EU-WEST,Sony,1028,Tech,Enterprise,Support,S8U9N5XWCX,5.552,2,0.2,-1.041
8292,EMEA-2020-156244,8/12/2020,20200812,Germany,EMEA,EU-WEST,Sony,1028,Tech,Enterprise,FinanceHub,LC4VR97DQE,2.952,1,0.2,0.9963
9882,EMEA-2020-153927,8/12/2020,20200812,Finland,EMEA,NOR,Aetna,1002,Healthcare,SMB,ContactMatcher,T3LZV6BF02,14.04,3,0,6.7392
9883,EMEA-2020-153927,8/12/2020,20200812,Finland,EMEA,NOR,Aetna,1002,Healthcare,SMB,Data Smasher,ODBIOWD25K,272.61,13,0,98.1396
3295,APJ-2020-138023,8/15/2020,20200815,Japan,APJ,JAPN,Amazon,1004,Tech,SMB,ContactMatcher,6PAEGU8NQM,30.96,8,0.8,-52.632
6793,EMEA-2020-141005,8/15/2020,20200815,Saudi Arabia,EMEA,MEA,BNP Paribas,1065,Finance,SMB,ContactMatcher,SWUCBZYSIH,62.94,3,0,30.2112
8995,EMEA-2020-109043,8/15/2020,20200815,Germany,EMEA,EU-WEST,BNP Paribas,1065,Finance,SMB,Support,0OEGZ9WOVH,91.36,5,0.2,29.692
8996,EMEA-2020-109043,8/15/2020,20200815,Germany,EMEA,EU-WEST,BNP Paribas,1065,Finance,SMB,OneView,4FFXF41ZWO,152.24,5,0.2,17.127
9823,AMER-2020-164406,8/15/2020,20200815,United States,AMER,NAMER,Amazon,1004,Tech,SMB,OneView,CYNGYNIIZR,152.91,3,0,42.8148
9824,AMER-2020-164406,8/15/2020,20200815,United States,AMER,NAMER,Amazon,1004,Tech,SMB,Support,WMOGDFVLPH,92.94,3,0,41.823
9825,AMER-2020-164406,8/15/2020,20200815,United States,AMER,NAMER,Amazon,1004,Tech,SMB,ContactMatcher,AVX41IZ44M,17.856,4,0.2,6.2496
9826,AMER-2020-164406,8/15/2020,20200815,United States,AMER,NAMER,Amazon,1004,Tech,SMB,ContactMatcher,ZBYRL5V95P,46.44,3,0.2,15.093
9827,AMER-2020-164406,8/15/2020,20200815,United States,AMER,NAMER,Amazon,1004,Tech,SMB,FinanceHub,XI6L97WX0S,195.136,4,0.2,-12.196
1690,EMEA-2020-142839,8/16/2020,20200816,France,EMEA,EU-WEST,Honda Motor,1045,Manufacturing,SMB,ContactMatcher,8KSK41PSI6,853.092,6,0.4,-227.4912
2045,APJ-2020-129168,8/17/2020,20200817,Japan,APJ,JAPN,Carrefour,1048,Retail,Strategic,Support,CO6NQE1ANR,15.552,3,0.2,5.4432
2531,EMEA-2020-111500,8/17/2020,20200817,United Arab Emirates,EMEA,MEA,Ford Motor,1009,Manufacturing,Strategic,Support,SQ8GR3Z5BG,114.2,5,0,52.532
2532,EMEA-2020-111500,8/17/2020,20200817,United Arab Emirates,EMEA,MEA,Ford Motor,1009,Manufacturing,Strategic,ContactMatcher,Q5MB6XRGMU,17.96,4,0,8.2616
2533,EMEA-2020-111500,8/17/2020,20200817,United Arab Emirates,EMEA,MEA,Ford Motor,1009,Manufacturing,Strategic,Storage,1IZV53EEP7,12.67,7,0,4.5612
2534,EMEA-2020-111500,8/17/2020,20200817,United Arab Emirates,EMEA,MEA,Ford Motor,1009,Manufacturing,Strategic,Data Smasher,A8VXL3BK0G,339.96,4,0,122.3856
2340,AMER-2020-121727,8/19/2020,20200819,Mexico,AMER,LATAM,Intel,1051,Tech,SMB,ChatBot Plugin,JP0KR0511I,10.72,2,0.2,1.742
2377,AMER-2020-164616,8/19/2020,20200819,Mexico,AMER,LATAM,Ford Motor,1009,Manufacturing,SMB,ContactMatcher,WOIVOVG049,76.776,4,0.7,-58.8616
2378,AMER-2020-164616,8/19/2020,20200819,Mexico,AMER,LATAM,Ford Motor,1009,Manufacturing,SMB,Support,053SG8LPEN,9.184,2,0.2,1.148
4089,EMEA-2020-156559,8/19/2020,20200819,United Arab Emirates,EMEA,MEA,Bank of America Corp.,1011,Finance,SMB,Marketing Suite,F5A7GQY71M,638.82,9,0,172.4814
7003,AMER-2020-133158,8/19/2020,20200819,United States,AMER,NAMER,Engie,1062,Energy,Strategic,SaaS Connector Pack,MWK9B2RDC4,289.24,7,0,26.0316
7004,AMER-2020-133158,8/19/2020,20200819,United States,AMER,NAMER,Engie,1062,Energy,Strategic,ContactMatcher,XXG2XM2O8K,69.456,2,0.2,22.5732
8246,EMEA-2020-143581,8/19/2020,20200819,Finland,EMEA,NOR,Lowes,1060,Retail,Strategic,Marketing Suite - Gold,5YX5FT352R,344.91,3,0,10.3473
5800,APJ-2020-166716,8/20/2020,20200820,Australia,APJ,ANZ,PepsiCo,1073,Consumer Products,SMB,FinanceHub,W2J9IZ16VW,421.372,2,0.3,-6.0196
9733,EMEA-2020-114321,8/20/2020,20200820,Spain,EMEA,EU-WEST,Ford Motor,1009,Manufacturing,Strategic,FinanceHub,2LN05NIDYB,500.24,13,0,145.0696
9734,EMEA-2020-114321,8/20/2020,20200820,Spain,EMEA,EU-WEST,Ford Motor,1009,Manufacturing,Strategic,Support,2HRSHL2C7I,20.12,2,0,9.2552
9735,EMEA-2020-114321,8/20/2020,20200820,Spain,EMEA,EU-WEST,Ford Motor,1009,Manufacturing,Strategic,ContactMatcher,22BQV7G290,896.99,1,0,421.5853
4303,AMER-2020-123253,8/22/2020,20200822,Mexico,AMER,LATAM,Alphabet,1053,Tech,Enterprise,ChatBot Plugin,D3QR5LZ6Y5,3.912,1,0.2,1.0269
8941,EMEA-2020-130918,8/22/2020,20200822,Germany,EMEA,EU-WEST,UnitedHealth Group,1092,Healthcare,SMB,Support,WT80KVYJ83,7.632,3,0.2,-1.8126
9366,EMEA-2020-166828,8/22/2020,20200822,Poland,EMEA,EU-WEST,HonHai Precision Industry,1033,Tech,SMB,Support,N22JMQN3Q7,11.56,2,0,5.6644
2338,EMEA-2020-110639,8/23/2020,20200823,United Kingdom,EMEA,UKIR,Engie,1062,Energy,SMB,Support,0FIEWTJZK0,25.92,4,0,12.4416
2339,EMEA-2020-110639,8/23/2020,20200823,United Kingdom,EMEA,UKIR,Engie,1062,Energy,SMB,Support,0S1M1ODLN2,45.92,4,0,22.5008
6672,AMER-2020-154837,8/23/2020,20200823,United States,AMER,NAMER,BNP Paribas,1065,Finance,Strategic,ContactMatcher,85P9FDHEF6,49.568,2,0.2,17.3488
7020,EMEA-2020-124737,8/23/2020,20200823,Russia,EMEA,EU-EAST,AT&T,1010,Communications,SMB,Support,MCBHD5FFY1,15.552,3,0.2,5.4432
7021,EMEA-2020-124737,8/23/2020,20200823,Russia,EMEA,EU-EAST,AT&T,1010,Communications,SMB,Support,WYD04W47JV,6.8,1,0.2,0.51
7022,EMEA-2020-124737,8/23/2020,20200823,Russia,EMEA,EU-EAST,AT&T,1010,Communications,SMB,SaaS Connector Pack,47BSX1V0V3,4.224,3,0.2,1.2672
7023,EMEA-2020-124737,8/23/2020,20200823,Russia,EMEA,EU-EAST,AT&T,1010,Communications,SMB,Site Analytics,ZB6PC0OGXQ,143.64,9,0.2,10.773
7024,EMEA-2020-124737,8/23/2020,20200823,Russia,EMEA,EU-EAST,AT&T,1010,Communications,SMB,Support,815IX52CV2,31.104,6,0.2,10.8864
7025,EMEA-2020-124737,8/23/2020,20200823,Russia,EMEA,EU-EAST,AT&T,1010,Communications,SMB,Support,GHRWS4RLEV,223.056,9,0.2,69.705
8695,AMER-2020-112795,8/23/2020,20200823,Brazil,AMER,LATAM,Trafigura Group,1100,Finance,Enterprise,Support,FOTRBR9RS4,19.44,3,0,9.5256
3028,EMEA-2020-106719,8/24/2020,20200824,Netherlands,EMEA,EU-WEST,BNP Paribas,1065,Finance,Strategic,ContactMatcher,F5ZUPPVM9V,8.288,2,0.2,2.6936
3133,EMEA-2020-107916,8/24/2020,20200824,United Kingdom,EMEA,UKIR,China National Petroleum,1023,Energy,Strategic,SaaS Connector Pack,MAAPZ42V6B,13.28,2,0,6.3744
3134,EMEA-2020-107916,8/24/2020,20200824,United Kingdom,EMEA,UKIR,China National Petroleum,1023,Energy,Strategic,ContactMatcher,IXJ2WD4IW5,12.672,3,0.2,4.4352
5913,EMEA-2020-120432,8/24/2020,20200824,United Kingdom,EMEA,UKIR,Banco Santander,1101,Finance,Strategic,Support,75DF9SS8C1,25.5,3,0,6.63
114,AMER-2020-115259,8/25/2020,20200825,Mexico,AMER,LATAM,Amazon,1004,Tech,SMB,Storage,1DRXSUGWY6,40.096,14,0.2,14.5348
115,AMER-2020-115259,8/25/2020,20200825,Mexico,AMER,LATAM,Amazon,1004,Tech,SMB,SaaS Connector Pack - Gold,U9IXLQYDG8,4.72,2,0.2,1.652
116,AMER-2020-115259,8/25/2020,20200825,Mexico,AMER,LATAM,Amazon,1004,Tech,SMB,Support,NGH6JD32CX,23.976,3,0.2,7.4925
117,AMER-2020-115259,8/25/2020,20200825,Mexico,AMER,LATAM,Amazon,1004,Tech,SMB,SaaS Connector Pack - Gold,QHG92H9NGL,130.464,6,0.2,44.0316
5944,AMER-2020-104178,8/25/2020,20200825,United States,AMER,NAMER,Tesco,1059,Retail,Strategic,SaaS Connector Pack,BBEJMS9HYS,6.28,1,0,2.6376
5945,AMER-2020-104178,8/25/2020,20200825,United States,AMER,NAMER,Tesco,1059,Retail,Strategic,Data Smasher,BONL24Q7TL,95.1,5,0,30.432
5946,AMER-2020-104178,8/25/2020,20200825,United States,AMER,NAMER,Tesco,1059,Retail,Strategic,Support,VDF9SVE5SG,25.92,4,0,12.4416
5947,AMER-2020-104178,8/25/2020,20200825,United States,AMER,NAMER,Tesco,1059,Retail,Strategic,Marketing Suite - Gold,CM2P6CQX5J,48.84,4,0,13.1868
6579,AMER-2020-103660,8/25/2020,20200825,Canada,AMER,NAMER,Carrefour,1048,Retail,SMB,Site Analytics,6L2MFU22VJ,1007.944,7,0.2,75.5958
8459,APJ-2020-126200,8/25/2020,20200825,Japan,APJ,JAPN,AmerisourceBergen,1007,Healthcare,SMB,ContactMatcher,WCPF430315,25.68,3,0.8,-39.804
8460,APJ-2020-126200,8/25/2020,20200825,Japan,APJ,JAPN,AmerisourceBergen,1007,Healthcare,SMB,ContactMatcher,1P5ODC4B98,12.384,3,0.8,-19.8144
8885,AMER-2020-107398,8/25/2020,20200825,Mexico,AMER,LATAM,Morgan Stanley,1068,Finance,Strategic,ContactMatcher,W28WM67CI8,6.528,4,0.7,-4.5696
8886,AMER-2020-107398,8/25/2020,20200825,Mexico,AMER,LATAM,Morgan Stanley,1068,Finance,Strategic,ContactMatcher,L089TGGC6A,2.862,3,0.7,-2.2896
8887,AMER-2020-107398,8/25/2020,20200825,Mexico,AMER,LATAM,Morgan Stanley,1068,Finance,Strategic,ContactMatcher,JDGS9EZK2X,20.856,8,0.7,-16.6848
187,AMER-2020-123260,8/26/2020,20200826,United States,AMER,NAMER,AT&T,1010,Communications,Enterprise,Data Smasher,60NLL1G4W3,176.8,8,0,22.984
5334,APJ-2020-103331,8/26/2020,20200826,Philippines,APJ,APAC,Morgan Stanley,1068,Finance,SMB,SaaS Connector Pack,FGY28AHO27,10.68,4,0,4.0584
5335,APJ-2020-103331,8/26/2020,20200826,Philippines,APJ,APAC,Morgan Stanley,1068,Finance,SMB,Support,3FJXVZ1J0S,17.34,3,0,8.4966
5336,APJ-2020-103331,8/26/2020,20200826,Philippines,APJ,APAC,Morgan Stanley,1068,Finance,SMB,Support,A7OZYJQQKJ,3.38,1,0,1.5548
7823,APJ-2020-115413,8/26/2020,20200826,Philippines,APJ,APAC,Mitsubishi,1050,Manufacturing,Enterprise,ChatBot Plugin,P05C8H26QS,8.64,3,0,2.5056
7824,APJ-2020-115413,8/26/2020,20200826,Philippines,APJ,APAC,Mitsubishi,1050,Manufacturing,Enterprise,Data Smasher,3PQ5A6PMAI,149.97,3,0,52.4895
19,AMER-2020-143336,8/27/2020,20200827,United States,AMER,NAMER,Wells Fargo,1099,Finance,SMB,ChatBot Plugin,ZYL9KDTY68,8.56,2,0,2.4824
20,AMER-2020-143336,8/27/2020,20200827,United States,AMER,NAMER,Wells Fargo,1099,Finance,SMB,Site Analytics,I54O29EW1T,213.48,3,0.2,16.011
21,AMER-2020-143336,8/27/2020,20200827,United States,AMER,NAMER,Wells Fargo,1099,Finance,SMB,ContactMatcher,E3TF1V9DE8,22.72,4,0.2,7.384
3483,EMEA-2020-124688,8/27/2020,20200827,Spain,EMEA,EU-WEST,Wells Fargo,1099,Finance,Strategic,Site Analytics,6ISJQN3YZM,579.95,5,0,168.1855
3484,EMEA-2020-124688,8/27/2020,20200827,Spain,EMEA,EU-WEST,Wells Fargo,1099,Finance,Strategic,SaaS Connector Pack,0ECWGXMYUV,29.12,4,0,12.5216
3485,EMEA-2020-124688,8/27/2020,20200827,Spain,EMEA,EU-WEST,Wells Fargo,1099,Finance,Strategic,ContactMatcher,D35KEB3W6X,1202.94,3,0,300.735
6170,EMEA-2020-101266,8/27/2020,20200827,Spain,EMEA,EU-WEST,Anthem,1029,Healthcare,SMB,Support,TZXMA8YXW3,13.36,2,0,6.4128
1651,AMER-2020-135699,8/29/2020,20200829,United States,AMER,NAMER,Aviva,1006,Finance,Strategic,Support,Q7MP2B1J6S,109.92,2,0,53.8608
1652,AMER-2020-135699,8/29/2020,20200829,United States,AMER,NAMER,Aviva,1006,Finance,Strategic,Support,8D5U1FE5DH,13.36,2,0,6.4128
1898,EMEA-2020-169775,8/29/2020,20200829,Germany,EMEA,EU-WEST,Carrefour,1048,Retail,SMB,SaaS Connector Pack - Gold,2BSDZFPINV,29.808,2,0.2,10.8054
1899,EMEA-2020-169775,8/29/2020,20200829,Germany,EMEA,EU-WEST,Carrefour,1048,Retail,SMB,ContactMatcher,NZLRQ9K828,505.176,4,0.7,-336.784
1900,EMEA-2020-169775,8/29/2020,20200829,Germany,EMEA,EU-WEST,Carrefour,1048,Retail,SMB,ContactMatcher,YKGMW2MTD5,174.0585,3,0.45,-110.7645
8461,EMEA-2020-146500,8/30/2020,20200830,Saudi Arabia,EMEA,MEA,Home Depot,1047,Retail,SMB,ContactMatcher,6EOMKYL68F,25.3,5,0,11.891
8462,EMEA-2020-146500,8/30/2020,20200830,Saudi Arabia,EMEA,MEA,Home Depot,1047,Retail,SMB,Marketing Suite - Gold,D0190NQAT3,95.94,3,0,9.594
3478,APJ-2020-143385,8/31/2020,20200831,New Zealand,APJ,ANZ,Wells Fargo,1099,Finance,SMB,Data Smasher,BK3JX0HZQG,92.52,9,0,18.504
1162,AMER-2020-126522,9/1/2020,20200901,United States,AMER,NAMER,AmerisourceBergen,1007,Healthcare,SMB,ChatBot Plugin,XDN2QKWRVC,53.94,3,0,15.6426
3194,APJ-2020-165428,9/1/2020,20200901,Japan,APJ,JAPN,Comcast,1022,Communications,SMB,ContactMatcher,TGP6O376ZY,3.648,3,0.8,-6.0192
3195,APJ-2020-165428,9/1/2020,20200901,Japan,APJ,JAPN,Comcast,1022,Communications,SMB,Support,HN7D7FY44V,31.104,6,0.2,10.8864
8242,EMEA-2020-109855,9/1/2020,20200901,United Kingdom,EMEA,UKIR,Bank of America Corp.,1011,Finance,SMB,ContactMatcher,TGPBMHV006,23.744,2,0.2,8.3104
8243,EMEA-2020-109855,9/1/2020,20200901,United Kingdom,EMEA,UKIR,Bank of America Corp.,1011,Finance,SMB,Data Smasher,9UW0S4DH5Z,357,3,0,57.12
2925,EMEA-2020-157721,9/2/2020,20200902,United Kingdom,EMEA,UKIR,Bosch,1076,Tech,SMB,OneView,1P99QINAL8,19.9,1,0,8.955
2926,EMEA-2020-157721,9/2/2020,20200902,United Kingdom,EMEA,UKIR,Bosch,1076,Tech,SMB,SaaS Connector Pack,G53CJ99OIH,70.71,1,0,4.9497
4404,EMEA-2020-127936,9/2/2020,20200902,United Kingdom,EMEA,UKIR,Walmart,1096,Retail,SMB,ChatBot Plugin,K6ROPFWGD4,21.24,3,0,8.0712
4930,EMEA-2020-138828,9/2/2020,20200902,United Kingdom,EMEA,UKIR,Valero Energy,1093,Energy,SMB,ChatBot Plugin,X93RBVNH2C,57.75,5,0,16.17
4931,EMEA-2020-138828,9/2/2020,20200902,United Kingdom,EMEA,UKIR,Valero Energy,1093,Energy,SMB,Support,PWIY93JBVL,14.94,3,0,7.0218
5029,APJ-2020-151792,9/2/2020,20200902,Australia,APJ,ANZ,Cisco Systems,1019,Tech,SMB,Data Smasher,6QULQ50JHD,239.976,3,0.2,53.9946
7289,APJ-2020-158281,9/2/2020,20200902,Japan,APJ,JAPN,Enel,1013,Energy,Strategic,Big Ol Database,3VT7B1F2J8,559.71,3,0.4,-121.2705
9034,EMEA-2020-152268,9/2/2020,20200902,United Arab Emirates,EMEA,MEA,Anthem,1029,Healthcare,SMB,ContactMatcher,H7K08EG001,1793.98,2,0,843.1706
9140,APJ-2020-106971,9/2/2020,20200902,Australia,APJ,ANZ,Daimler,1052,Transportation,SMB,Data Smasher,NMTTRI4GXH,475.944,7,0.2,95.1888
4986,EMEA-2020-125171,9/3/2020,20200903,United Kingdom,EMEA,UKIR,Walgreens,1095,Retail,SMB,FinanceHub,R8YBV3CFEG,14.4,5,0,7.056
8398,APJ-2020-120236,9/3/2020,20200903,Japan,APJ,JAPN,Kroger,1057,Retail,Enterprise,ContactMatcher,T2F1UU34XF,7.68,5,0.8,-11.52
2516,AMER-2020-106572,9/5/2020,20200905,Mexico,AMER,LATAM,HSBC Holdings,1070,Finance,SMB,Marketing Suite - Gold,M272YGLG0K,264.32,2,0.2,19.824
5430,EMEA-2020-136861,9/5/2020,20200905,Germany,EMEA,EU-WEST,Mondelez International,1067,Consumer Products,SMB,SaaS Connector Pack,EGQ3VEOB80,31.984,2,0.2,1.999
6623,AMER-2020-130449,9/6/2020,20200906,United States,AMER,NAMER,Bosch,1076,Tech,Strategic,SaaS Connector Pack,GL3S6NWT5J,41.88,6,0,12.1452
6624,AMER-2020-130449,9/6/2020,20200906,United States,AMER,NAMER,Bosch,1076,Tech,Strategic,FinanceHub,H1W2MRUTPH,58.48,8,0,27.4856
1679,EMEA-2020-122882,9/7/2020,20200907,France,EMEA,EU-WEST,HonHai Precision Industry,1033,Tech,Strategic,Marketing Suite - Gold,RPDJ1FNT94,64.784,1,0.2,-14.5764
1680,EMEA-2020-122882,9/7/2020,20200907,France,EMEA,EU-WEST,HonHai Precision Industry,1033,Tech,Strategic,Site Analytics,AO5TAO8C5U,32.382,3,0.4,4.3176
1681,EMEA-2020-122882,9/7/2020,20200907,France,EMEA,EU-WEST,HonHai Precision Industry,1033,Tech,Strategic,SaaS Connector Pack,8QILN2SX89,42.368,2,0.2,8.4736
1682,EMEA-2020-122882,9/7/2020,20200907,France,EMEA,EU-WEST,HonHai Precision Industry,1033,Tech,Strategic,Big Ol Database,Z6RPJUF61W,399.54,4,0.7,-559.356
2646,APJ-2020-131002,9/7/2020,20200907,Singapore,APJ,APAC,Johnson & Johnson,1055,Healthcare,SMB,SaaS Connector Pack,S52PIM67GC,57.69,3,0,23.6529
2647,APJ-2020-131002,9/7/2020,20200907,Singapore,APJ,APAC,Johnson & Johnson,1055,Healthcare,SMB,ContactMatcher,LYQN49HDA0,42.81,3,0,20.1207
2648,APJ-2020-131002,9/7/2020,20200907,Singapore,APJ,APAC,Johnson & Johnson,1055,Healthcare,SMB,Support,OZ8WEMIQCY,12.96,2,0,6.2208
2649,APJ-2020-131002,9/7/2020,20200907,Singapore,APJ,APAC,Johnson & Johnson,1055,Healthcare,SMB,SaaS Connector Pack,G9QCBN3F1J,821.88,6,0,213.6888
2650,APJ-2020-131002,9/7/2020,20200907,Singapore,APJ,APAC,Johnson & Johnson,1055,Healthcare,SMB,Site Analytics,GKE3958VUJ,104.85,3,0,28.3095
2718,EMEA-2020-100006,9/7/2020,20200907,United Kingdom,EMEA,UKIR,PepsiCo,1073,Consumer Products,SMB,Site Analytics,URIROI2BFF,377.97,3,0,109.6113
5261,APJ-2020-105165,9/7/2020,20200907,Japan,APJ,JAPN,State Farm Insurance Cos.,1082,Finance,Enterprise,Site Analytics,HLFYLNGGKQ,196.776,3,0.2,14.7582
5262,APJ-2020-105165,9/7/2020,20200907,Japan,APJ,JAPN,State Farm Insurance Cos.,1082,Finance,Enterprise,ContactMatcher,WKAZXE7T7M,2.92,2,0.8,-4.818
5263,APJ-2020-105165,9/7/2020,20200907,Japan,APJ,JAPN,State Farm Insurance Cos.,1082,Finance,Enterprise,ContactMatcher,H2E42980TJ,200.795,1,0.3,-22.948
5264,APJ-2020-105165,9/7/2020,20200907,Japan,APJ,JAPN,State Farm Insurance Cos.,1082,Finance,Enterprise,Data Smasher,WG1FOUKCC2,46.688,4,0.2,-2.918
5265,APJ-2020-105165,9/7/2020,20200907,Japan,APJ,JAPN,State Farm Insurance Cos.,1082,Finance,Enterprise,ChatBot Plugin,88QPGERBXD,21.864,3,0.2,3.5529
5979,APJ-2020-117765,9/7/2020,20200907,Singapore,APJ,APAC,Philip Morris International,1075,Consumer Products,Enterprise,ContactMatcher,7MVB7LDJYH,429.9,5,0,111.774
5980,APJ-2020-117765,9/7/2020,20200907,Singapore,APJ,APAC,Philip Morris International,1075,Consumer Products,Enterprise,ContactMatcher,MKOLY9HONN,32.06,2,0,15.3888
5981,APJ-2020-117765,9/7/2020,20200907,Singapore,APJ,APAC,Philip Morris International,1075,Consumer Products,Enterprise,FinanceHub,RSYXXXDRXW,161.96,2,0,45.3488
5982,APJ-2020-117765,9/7/2020,20200907,Singapore,APJ,APAC,Philip Morris International,1075,Consumer Products,Enterprise,Marketing Suite - Gold,G42FRIWJCP,19.86,2,0,5.7594
8367,AMER-2020-109918,9/7/2020,20200907,United States,AMER,NAMER,Oracle,1072,Tech,Strategic,Support,WFLNN9D2H8,27.36,4,0,7.3872
8368,AMER-2020-109918,9/7/2020,20200907,United States,AMER,NAMER,Oracle,1072,Tech,Strategic,Support,5I6WEKAJRZ,20.56,2,0,9.6632
8369,AMER-2020-109918,9/7/2020,20200907,United States,AMER,NAMER,Oracle,1072,Tech,Strategic,ContactMatcher,885EAJ1T7P,83.92,5,0.2,31.47
9479,APJ-2020-126193,9/7/2020,20200907,Australia,APJ,ANZ,Engie,1062,Energy,SMB,Storage,DF4AUAO0JM,13.16,5,0.2,4.1125
9480,APJ-2020-126193,9/7/2020,20200907,Australia,APJ,ANZ,Engie,1062,Energy,SMB,ContactMatcher,LG68VRYTOJ,3.828,3,0.8,-6.5076
9481,APJ-2020-126193,9/7/2020,20200907,Australia,APJ,ANZ,Engie,1062,Energy,SMB,ContactMatcher,HCF81Z3UER,304.99,5,0.8,-533.7325
165,APJ-2020-139892,9/8/2020,20200908,Japan,APJ,JAPN,Nissan Motor,1098,Transportation,SMB,ChatBot Plugin,A4ICDCT3PN,9.936,3,0.2,2.7324
166,APJ-2020-139892,9/8/2020,20200908,Japan,APJ,JAPN,Nissan Motor,1098,Transportation,SMB,Big Ol Database,SKNAWPG4VV,8159.952,8,0.4,-1359.992
167,APJ-2020-139892,9/8/2020,20200908,Japan,APJ,JAPN,Nissan Motor,1098,Transportation,SMB,Marketing Suite - Gold,SEXCB4230J,275.928,3,0.2,-58.6347
168,APJ-2020-139892,9/8/2020,20200908,Japan,APJ,JAPN,Nissan Motor,1098,Transportation,SMB,FinanceHub,HJ54J056IV,1740.06,9,0.3,-24.858
169,APJ-2020-139892,9/8/2020,20200908,Japan,APJ,JAPN,Nissan Motor,1098,Transportation,SMB,ChatBot Plugin,CFBWJVG2BK,32.064,6,0.2,6.8136
170,APJ-2020-139892,9/8/2020,20200908,Japan,APJ,JAPN,Nissan Motor,1098,Transportation,SMB,OneView,J7LMIXWBED,177.98,5,0.8,-453.849
171,APJ-2020-139892,9/8/2020,20200908,Japan,APJ,JAPN,Nissan Motor,1098,Transportation,SMB,Site Analytics,DVK6SPA4L5,143.976,3,0.2,8.9985
739,AMER-2020-132500,9/8/2020,20200908,United States,AMER,NAMER,Trafigura Group,1100,Finance,SMB,Data Smasher,84HI3ULCME,49.98,2,0,8.4966
837,APJ-2020-115987,9/8/2020,20200908,Japan,APJ,JAPN,Citigroup,1020,Finance,SMB,ContactMatcher,SA02C6PH14,51.184,4,0.8,-79.3352
1279,EMEA-2020-163293,9/8/2020,20200908,Finland,EMEA,NOR,Goldman Sachs Group,1042,Finance,Strategic,Data Smasher,LQIGYCOV1I,32.97,3,0,12.8583
1280,EMEA-2020-163293,9/8/2020,20200908,Finland,EMEA,NOR,Goldman Sachs Group,1042,Finance,Strategic,Data Smasher,WU6LAUY0C0,83.88,4,0,30.1968
3450,AMER-2020-168592,9/8/2020,20200908,United States,AMER,NAMER,Apple,1008,Tech,Enterprise,OneView,MZYBVWQUHT,56.65,5,0,24.3595
3451,AMER-2020-168592,9/8/2020,20200908,United States,AMER,NAMER,Apple,1008,Tech,Enterprise,Marketing Suite - Gold,TZU8FTRVLD,14.97,1,0,4.1916
3452,AMER-2020-168592,9/8/2020,20200908,United States,AMER,NAMER,Apple,1008,Tech,Enterprise,Storage,YC2H6773LS,4.02,2,0,1.9698
4134,EMEA-2020-128839,9/8/2020,20200908,Spain,EMEA,EU-WEST,J.P. Morgan Chase & Co.,1054,Finance,SMB,Storage,BJ05KZ03OB,45,9,0,21.6
4135,EMEA-2020-128839,9/8/2020,20200908,Spain,EMEA,EU-WEST,J.P. Morgan Chase & Co.,1054,Finance,SMB,Big Ol Database,QCOOTRRBF1,209.97,3,0,90.2871
4314,EMEA-2020-123127,9/8/2020,20200908,United Kingdom,EMEA,UKIR,Boeing,1014,Manufacturing,Strategic,OneView,8Z0N8G4R3T,16.78,2,0,4.195
4850,AMER-2020-107818,9/8/2020,20200908,Canada,AMER,NAMER,Safeway,1079,Retail,SMB,ChatBot Plugin,79FS4MGUM0,5.88,2,0,2.646
4851,AMER-2020-107818,9/8/2020,20200908,Canada,AMER,NAMER,Safeway,1079,Retail,SMB,FinanceHub,X30Y9JQOW9,975.92,5,0.2,121.99
4852,AMER-2020-107818,9/8/2020,20200908,Canada,AMER,NAMER,Safeway,1079,Retail,SMB,ChatBot Plugin,2G26V8M6PY,303.84,8,0,91.152
4853,AMER-2020-107818,9/8/2020,20200908,Canada,AMER,NAMER,Safeway,1079,Retail,SMB,Marketing Suite - Gold,XCBY84OQKP,485.88,6,0,19.4352
5290,APJ-2020-146283,9/8/2020,20200908,Japan,APJ,JAPN,Toyota Motor,1087,Manufacturing,SMB,Support,9T7NOKV1LW,17.904,2,0.2,6.2664
5291,APJ-2020-146283,9/8/2020,20200908,Japan,APJ,JAPN,Toyota Motor,1087,Manufacturing,SMB,FinanceHub,U1SSD9NID6,966.7,5,0.3,-13.81
5292,APJ-2020-146283,9/8/2020,20200908,Japan,APJ,JAPN,Toyota Motor,1087,Manufacturing,SMB,Support,WET1JRUOEN,182.112,6,0.2,61.4628
8707,EMEA-2020-146815,9/8/2020,20200908,United Kingdom,EMEA,UKIR,Mitsubishi,1050,Manufacturing,Enterprise,FinanceHub,GSBZCCN5O1,172.764,2,0.1,13.4372
8708,EMEA-2020-146815,9/8/2020,20200908,United Kingdom,EMEA,UKIR,Mitsubishi,1050,Manufacturing,Enterprise,ChatBot Plugin,XHF2HXGZI5,3.52,2,0,1.6896
9450,AMER-2020-140032,9/8/2020,20200908,United States,AMER,NAMER,Pemex,1058,Energy,SMB,ContactMatcher,DBOZJJ0G4M,8.608,2,0.2,3.0128
898,AMER-2020-144407,9/9/2020,20200909,Brazil,AMER,LATAM,Tyson Foods,1088,Consumer Products,SMB,FinanceHub,1RGKWVIWUN,103.6,7,0,51.8
2671,APJ-2020-126403,9/9/2020,20200909,South Korea,APJ,APAC,McKesson,1063,Consumer Products,Strategic,Support,K5RESQXJVN,166.44,3,0,79.8912
2672,APJ-2020-126403,9/9/2020,20200909,South Korea,APJ,APAC,McKesson,1063,Consumer Products,Strategic,FinanceHub,YRYWG3HVI4,785.88,6,0,212.1876
2673,APJ-2020-126403,9/9/2020,20200909,South Korea,APJ,APAC,McKesson,1063,Consumer Products,Strategic,Support,LXIAXR1VNZ,26.2,2,0,12.838
2674,APJ-2020-126403,9/9/2020,20200909,South Korea,APJ,APAC,McKesson,1063,Consumer Products,Strategic,Marketing Suite - Gold,UKRU31B5M2,1325.85,5,0,238.653
3597,EMEA-2020-102869,9/9/2020,20200909,France,EMEA,EU-WEST,Sprint Nextel,1081,Communications,SMB,Support,9M1TAPEUYI,15.552,3,0.2,5.4432
3598,EMEA-2020-102869,9/9/2020,20200909,France,EMEA,EU-WEST,Sprint Nextel,1081,Communications,SMB,Data Smasher,37DL6CXB55,64.704,6,0.2,-4.8528
3599,EMEA-2020-102869,9/9/2020,20200909,France,EMEA,EU-WEST,Sprint Nextel,1081,Communications,SMB,SaaS Connector Pack,W66G2OOI3N,17.472,3,0.2,5.0232
3600,EMEA-2020-102869,9/9/2020,20200909,France,EMEA,EU-WEST,Sprint Nextel,1081,Communications,SMB,Site Analytics,1Q76UNRT3G,135.516,1,0.4,-31.6204
7647,EMEA-2020-115196,9/9/2020,20200909,Sweden,EMEA,NOR,State Farm Insurance Cos.,1082,Finance,SMB,Big Ol Database,6G02LI3HZ9,1299.99,2,0.5,-571.9956
8017,AMER-2020-131870,9/9/2020,20200909,Mexico,AMER,LATAM,Samsung Electronics,1015,Tech,Enterprise,SaaS Connector Pack,DAUH5NR5KX,60.672,6,0.2,12.8928
8018,AMER-2020-131870,9/9/2020,20200909,Mexico,AMER,LATAM,Samsung Electronics,1015,Tech,Enterprise,ChatBot Plugin,TSXPEZ50RP,30.816,9,0.2,2.6964
8381,APJ-2020-103527,9/9/2020,20200909,Australia,APJ,ANZ,Comcast,1022,Communications,SMB,Support,SWXOO20V7W,10.896,3,0.2,3.405
5854,EMEA-2020-138835,9/10/2020,20200910,Spain,EMEA,EU-WEST,Kroger,1057,Retail,Enterprise,ContactMatcher,7P2FFVSARM,9.64,2,0,4.7236
7525,EMEA-2020-125731,9/10/2020,20200910,Belgium,EMEA,EU-WEST,Walmart,1096,Retail,SMB,SaaS Connector Pack - Gold,QUV9A8C9YK,21.728,7,0.2,7.6048
7526,EMEA-2020-125731,9/10/2020,20200910,Belgium,EMEA,EU-WEST,Walmart,1096,Retail,SMB,FinanceHub,FKHTY873WT,1487.04,5,0.2,148.704
7982,AMER-2020-113383,9/10/2020,20200910,Argentina,AMER,LATAM,Costco Wholesale,1025,Retail,SMB,OneView,AKAZVE9KWK,81.92,4,0,22.1184
7983,AMER-2020-113383,9/10/2020,20200910,Argentina,AMER,LATAM,Costco Wholesale,1025,Retail,SMB,SaaS Connector Pack,5GWAS8XXII,254.9,5,0,76.47
6312,AMER-2020-112837,9/11/2020,20200911,United States,AMER,NAMER,Home Depot,1047,Retail,SMB,SaaS Connector Pack,OH9OABPTIN,127.95,3,0,21.7515
428,EMEA-2020-101476,9/12/2020,20200912,United Kingdom,EMEA,UKIR,BMW,1039,Manufacturing,Enterprise,Big Ol Database,UOO7AR29D5,69.99,1,0,30.0957
705,EMEA-2020-138527,9/12/2020,20200912,Sweden,EMEA,NOR,Philip Morris International,1075,Consumer Products,Strategic,Support,9D3GTYPVPO,10.368,2,0.2,3.6288
706,EMEA-2020-138527,9/12/2020,20200912,Sweden,EMEA,NOR,Philip Morris International,1075,Consumer Products,Strategic,OneView,QDKVMB18F4,166.84,5,0.2,18.7695
707,EMEA-2020-138527,9/12/2020,20200912,Sweden,EMEA,NOR,Philip Morris International,1075,Consumer Products,Strategic,Data Smasher,UY44MRI16P,15.216,1,0.2,2.2824
3161,APJ-2020-150924,9/12/2020,20200912,Japan,APJ,JAPN,Berkshire Hathaway,1012,Finance,SMB,ContactMatcher,93PYFVZCME,5.18,5,0.8,-8.029
3285,AMER-2020-103702,9/12/2020,20200912,Mexico,AMER,LATAM,McKesson,1063,Consumer Products,SMB,ContactMatcher,63KF59OFJ6,63.924,7,0.7,-46.8776
5449,APJ-2020-119081,9/12/2020,20200912,Indonesia,APJ,APAC,Trafigura Group,1100,Finance,Enterprise,Support,4AED6RHMPX,357.93,3,0,7.1586
5450,APJ-2020-119081,9/12/2020,20200912,Indonesia,APJ,APAC,Trafigura Group,1100,Finance,Enterprise,Data Smasher,P15M0695IY,57.4,5,0,10.906
5451,APJ-2020-119081,9/12/2020,20200912,Indonesia,APJ,APAC,Trafigura Group,1100,Finance,Enterprise,ContactMatcher,MOCFGVCREU,331.96,2,0,149.382
5452,APJ-2020-119081,9/12/2020,20200912,Indonesia,APJ,APAC,Trafigura Group,1100,Finance,Enterprise,SaaS Connector Pack,ZFQOSCKZPN,40.56,2,0,12.9792
9426,EMEA-2020-116246,9/12/2020,20200912,United Kingdom,EMEA,UKIR,Allianz,1080,Finance,SMB,FinanceHub,A0FAR03EBB,3785.292,6,0.1,420.588
231,EMEA-2020-156216,9/13/2020,20200913,Sweden,EMEA,NOR,Carrefour,1048,Retail,Strategic,ContactMatcher,5XIQUAR79S,18.648,7,0.7,-12.432
926,EMEA-2020-132962,9/13/2020,20200913,France,EMEA,EU-WEST,American Express,1005,Finance,SMB,Support,DKT1TKMSP6,15.552,3,0.2,5.4432
927,EMEA-2020-132962,9/13/2020,20200913,France,EMEA,EU-WEST,American Express,1005,Finance,SMB,Data Smasher,1STBB8U0V5,252,5,0.2,53.55
2479,EMEA-2020-145212,9/13/2020,20200913,United Kingdom,EMEA,UKIR,Sprint Nextel,1081,Communications,SMB,ChatBot Plugin,AIQ2V8Y1DQ,5.46,3,0,1.4742
3699,AMER-2020-140039,9/13/2020,20200913,Chile,AMER,LATAM,Sony,1028,Tech,Strategic,Marketing Suite - Gold,63R26H0H27,79.4,5,0.2,5.955
5278,APJ-2020-113859,9/13/2020,20200913,Japan,APJ,JAPN,Nestle,1089,Consumer Products,Enterprise,FinanceHub,MLHKRF8JM4,340.116,6,0.3,-9.7176
6910,AMER-2020-126277,9/13/2020,20200913,Mexico,AMER,LATAM,Bank of America Corp.,1011,Finance,SMB,ContactMatcher,7DHPPJ8QEI,2.502,3,0.7,-2.0016
8651,AMER-2020-142769,9/13/2020,20200913,Canada,AMER,NAMER,Tyson Foods,1088,Consumer Products,SMB,Storage,IH0WTMKDOR,5.7,5,0,2.679
8652,AMER-2020-142769,9/13/2020,20200913,Canada,AMER,NAMER,Tyson Foods,1088,Consumer Products,SMB,SaaS Connector Pack,2QPJUHP4N0,14.19,3,0,5.5341
8653,AMER-2020-142769,9/13/2020,20200913,Canada,AMER,NAMER,Tyson Foods,1088,Consumer Products,SMB,Support,ZK4DIMGAG8,7.3,2,0,2.19
8654,AMER-2020-142769,9/13/2020,20200913,Canada,AMER,NAMER,Tyson Foods,1088,Consumer Products,SMB,Data Smasher,PNFOH9EXO6,199.98,2,0,75.9924
8655,AMER-2020-142769,9/13/2020,20200913,Canada,AMER,NAMER,Tyson Foods,1088,Consumer Products,SMB,Data Smasher,IHPAC53PFR,144.96,4,0,60.8832
8656,AMER-2020-142769,9/13/2020,20200913,Canada,AMER,NAMER,Tyson Foods,1088,Consumer Products,SMB,Data Smasher,78PB6TRHP8,118,2,0,20.06
8657,AMER-2020-142769,9/13/2020,20200913,Canada,AMER,NAMER,Tyson Foods,1088,Consumer Products,SMB,Support,9UYPQLOVFN,48.94,1,0,24.47
8658,AMER-2020-142769,9/13/2020,20200913,Canada,AMER,NAMER,Tyson Foods,1088,Consumer Products,SMB,OneView,B4LJBRBTCI,22.66,2,0,9.7438
175,APJ-2020-100853,9/14/2020,20200914,Australia,APJ,ANZ,Royal Dutch Shell,1031,Energy,Strategic,OneView,BTUYY86TIA,52.448,2,0.8,-131.12
176,APJ-2020-100853,9/14/2020,20200914,Australia,APJ,ANZ,Royal Dutch Shell,1031,Energy,Strategic,FinanceHub,XDWUW8RSHO,20.16,4,0.2,6.552
492,EMEA-2020-113362,9/14/2020,20200914,United Kingdom,EMEA,UKIR,Oracle,1072,Tech,SMB,Marketing Suite - Gold,2WIY14V8BC,449.15,5,0,8.983
493,EMEA-2020-113362,9/14/2020,20200914,United Kingdom,EMEA,UKIR,Oracle,1072,Tech,SMB,SaaS Connector Pack - Gold,C077WMS5SZ,11.07,3,0,5.0922
562,EMEA-2020-145576,9/14/2020,20200914,Germany,EMEA,EU-WEST,CVS Health,1026,Retail,SMB,OneView,O8G3YZNMJA,13,5,0.2,1.3
563,EMEA-2020-145576,9/14/2020,20200914,Germany,EMEA,EU-WEST,CVS Health,1026,Retail,SMB,SaaS Connector Pack,X9ZRM06GS8,13.128,3,0.2,3.7743
3623,EMEA-2020-159184,9/14/2020,20200914,Finland,EMEA,NOR,Mitsubishi,1050,Manufacturing,SMB,SaaS Connector Pack,7FQD8XSNGS,142.4,5,0,52.688
3624,EMEA-2020-159184,9/14/2020,20200914,Finland,EMEA,NOR,Mitsubishi,1050,Manufacturing,SMB,ContactMatcher,6TLUH7MBVH,7.16,2,0,3.4368
5125,EMEA-2020-160766,9/14/2020,20200914,United Kingdom,EMEA,UKIR,China National Petroleum,1023,Energy,SMB,ContactMatcher,UH6AFJ2JFQ,464.292,9,0.4,-108.3348
5126,EMEA-2020-160766,9/14/2020,20200914,United Kingdom,EMEA,UKIR,China National Petroleum,1023,Energy,SMB,SaaS Connector Pack - Gold,1I27VSHVI1,68.46,7,0,31.4916
5127,EMEA-2020-160766,9/14/2020,20200914,United Kingdom,EMEA,UKIR,China National Petroleum,1023,Energy,SMB,Big Ol Database,2QGR2BWTOT,2799.96,4,0,1371.9804
5128,EMEA-2020-160766,9/14/2020,20200914,United Kingdom,EMEA,UKIR,China National Petroleum,1023,Energy,SMB,OneView,UOY5RTJPCQ,601.3,2,0,198.429
5129,EMEA-2020-160766,9/14/2020,20200914,United Kingdom,EMEA,UKIR,China National Petroleum,1023,Energy,SMB,Site Analytics,Q4O4MZUEJO,16.99,1,0,4.4174
5130,EMEA-2020-160766,9/14/2020,20200914,United Kingdom,EMEA,UKIR,China National Petroleum,1023,Energy,SMB,Site Analytics,NLJQWRX1CS,287.97,3,0,80.6316
5131,EMEA-2020-160766,9/14/2020,20200914,United Kingdom,EMEA,UKIR,China National Petroleum,1023,Energy,SMB,Support,21BXZY2G0B,44.82,9,0,21.0654
8433,APJ-2020-127635,9/14/2020,20200914,Japan,APJ,JAPN,Marathon Petroleum,1061,Energy,Strategic,Storage,PT8SR697UE,6.048,4,0.2,-1.3608
8434,APJ-2020-127635,9/14/2020,20200914,Japan,APJ,JAPN,Marathon Petroleum,1061,Energy,Strategic,Support,LRUWT63NHJ,6.848,2,0.2,2.14
8435,APJ-2020-127635,9/14/2020,20200914,Japan,APJ,JAPN,Marathon Petroleum,1061,Energy,Strategic,SaaS Connector Pack,BVNY5UIQV3,9.96,5,0.6,-6.723
8436,APJ-2020-127635,9/14/2020,20200914,Japan,APJ,JAPN,Marathon Petroleum,1061,Energy,Strategic,ContactMatcher,HVA7ZVGVGC,8.552,2,0.8,-13.6832
6491,EMEA-2020-149594,9/15/2020,20200915,France,EMEA,EU-WEST,Fannie Mae,1035,Finance,Strategic,SaaS Connector Pack,BR6UJJZE14,103.936,4,0.2,16.8896
7469,EMEA-2020-138100,9/15/2020,20200915,United Kingdom,EMEA,UKIR,Chevron,1017,Energy,SMB,Support,IFMQ3YHO2U,14.94,3,0,7.0218
7470,EMEA-2020-138100,9/15/2020,20200915,United Kingdom,EMEA,UKIR,Chevron,1017,Energy,SMB,SaaS Connector Pack,NPKGTQTTCO,14.56,2,0,6.2608
6295,EMEA-2020-141152,9/16/2020,20200916,United Kingdom,EMEA,UKIR,Verizon Communications,1094,Communications,Strategic,ContactMatcher,AENXYB4RGK,33.552,1,0.2,12.582
879,EMEA-2020-158638,9/17/2020,20200917,France,EMEA,EU-WEST,FedEx,1036,Transportation,Enterprise,ContactMatcher,ESVRNYX01P,5.892,4,0.7,-4.1244
3282,EMEA-2020-117170,9/17/2020,20200917,Sweden,EMEA,NOR,Toyota Motor,1087,Manufacturing,SMB,Data Smasher,982VNSDWMZ,47.984,2,0.2,13.1956
3283,EMEA-2020-117170,9/17/2020,20200917,Sweden,EMEA,NOR,Toyota Motor,1087,Manufacturing,SMB,Support,YCPB1GI049,4.624,1,0.2,1.6762
3925,AMER-2020-103940,9/17/2020,20200917,Canada,AMER,NAMER,Anthem,1029,Healthcare,SMB,Marketing Suite - Gold,FWMOX5QI3M,30.28,2,0,1.2112
3926,AMER-2020-103940,9/17/2020,20200917,Canada,AMER,NAMER,Anthem,1029,Healthcare,SMB,Marketing Suite - Gold,FL6SQAI0UG,57.93,3,0,16.2204
3927,AMER-2020-103940,9/17/2020,20200917,Canada,AMER,NAMER,Anthem,1029,Healthcare,SMB,SaaS Connector Pack,SP3HW2CYC3,35.34,2,0,13.4292
3928,AMER-2020-103940,9/17/2020,20200917,Canada,AMER,NAMER,Anthem,1029,Healthcare,SMB,ContactMatcher,RRU51F2SCB,137.24,5,0.2,46.3185
4764,AMER-2020-112851,9/17/2020,20200917,United States,AMER,NAMER,Nestle,1089,Consumer Products,SMB,SaaS Connector Pack - Gold,4RECFX885B,182.94,3,0,85.9818
7598,EMEA-2020-131947,9/17/2020,20200917,Belgium,EMEA,EU-WEST,AmerisourceBergen,1007,Healthcare,SMB,ChatBot Plugin,E4JRPT7EOT,5.248,2,0.2,0.4592
7599,EMEA-2020-131947,9/17/2020,20200917,Belgium,EMEA,EU-WEST,AmerisourceBergen,1007,Healthcare,SMB,ChatBot Plugin,R30XSPKFK9,38.256,3,0.2,4.782
7600,EMEA-2020-131947,9/17/2020,20200917,Belgium,EMEA,EU-WEST,AmerisourceBergen,1007,Healthcare,SMB,Support,F77H8S9RMS,40.24,5,0.2,13.078
7601,EMEA-2020-131947,9/17/2020,20200917,Belgium,EMEA,EU-WEST,AmerisourceBergen,1007,Healthcare,SMB,Big Ol Database,1M94F53NWB,29.925,5,0.7,-21.945
7602,EMEA-2020-131947,9/17/2020,20200917,Belgium,EMEA,EU-WEST,AmerisourceBergen,1007,Healthcare,SMB,Support,AM5ZSCYUHW,148.704,6,0.2,46.47
7603,EMEA-2020-131947,9/17/2020,20200917,Belgium,EMEA,EU-WEST,AmerisourceBergen,1007,Healthcare,SMB,Data Smasher,3WXGHJY36H,55.92,10,0.2,16.776
263,APJ-2020-106992,9/19/2020,20200919,Japan,APJ,JAPN,HonHai Precision Industry,1033,Tech,Strategic,Big Ol Database,3IGE4YNMM4,3059.982,3,0.4,-509.997
264,APJ-2020-106992,9/19/2020,20200919,Japan,APJ,JAPN,HonHai Precision Industry,1033,Tech,Strategic,Big Ol Database,E34U2SY5LB,2519.958,7,0.4,-251.9958
323,AMER-2020-156601,9/19/2020,20200919,United States,AMER,NAMER,United Parcel Service,1090,Transportation,Strategic,Storage,4PDIGIYY3N,7.16,2,0,3.58
4128,EMEA-2020-127299,9/19/2020,20200919,Sweden,EMEA,NOR,Aetna,1002,Healthcare,SMB,Marketing Suite - Gold,1LAOXLW6TD,67.344,6,0.2,7.5762
4129,EMEA-2020-127299,9/19/2020,20200919,Sweden,EMEA,NOR,Aetna,1002,Healthcare,SMB,Big Ol Database,DSS2UFZGAS,2624.985,3,0.5,-944.9946
4251,EMEA-2020-168130,9/19/2020,20200919,United Kingdom,EMEA,UKIR,Lowes,1060,Retail,Strategic,FinanceHub,HTYU34JHPL,887.103,7,0.1,177.4206
7378,AMER-2020-132787,9/19/2020,20200919,Canada,AMER,NAMER,Royal Dutch Shell,1031,Energy,Strategic,Marketing Suite - Gold,1NI4FYS07D,92.52,6,0,24.9804
8575,AMER-2020-159849,9/19/2020,20200919,United States,AMER,NAMER,Microsoft,1066,Tech,Enterprise,Storage,ZXKZISKK1K,5.67,3,0,0.1134
9041,AMER-2020-138177,9/19/2020,20200919,Chile,AMER,LATAM,Volkswagen,1046,Manufacturing,Strategic,ContactMatcher,ZX7UMWDFXV,73.915,1,0.5,-45.8273
126,APJ-2020-134614,9/20/2020,20200920,Australia,APJ,ANZ,Tesco,1059,Retail,SMB,ContactMatcher,NR9RLNIDDN,617.7,6,0.5,-407.682
794,AMER-2020-156433,9/20/2020,20200920,United States,AMER,NAMER,Home Depot,1047,Retail,SMB,FinanceHub,W7WHFS3DPL,9.96,2,0,4.5816
795,AMER-2020-156433,9/20/2020,20200920,United States,AMER,NAMER,Home Depot,1047,Retail,SMB,Support,JLY4AOOOAR,21.72,4,0,10.6428
2218,EMEA-2020-151953,9/20/2020,20200920,Germany,EMEA,EU-WEST,Valero Energy,1093,Energy,Strategic,ChatBot Plugin,29QKT0CQOG,2.816,2,0.2,0.9856
4241,AMER-2020-133704,9/20/2020,20200920,United States,AMER,NAMER,Enel,1013,Energy,Enterprise,OneView,ZULET4YLEE,43.92,4,0,11.8584
4242,AMER-2020-133704,9/20/2020,20200920,United States,AMER,NAMER,Enel,1013,Energy,Enterprise,ContactMatcher,ZNLJ3YUNY1,20.232,3,0.2,6.5754
5237,APJ-2020-166744,9/20/2020,20200920,China,APJ,APAC,Verizon Communications,1094,Communications,SMB,SaaS Connector Pack,0PE87NFEZ8,164.22,3,0,50.9082
5238,APJ-2020-166744,9/20/2020,20200920,China,APJ,APAC,Verizon Communications,1094,Communications,SMB,Marketing Suite,O1M30L8DOW,362.94,3,0,36.294
5239,APJ-2020-166744,9/20/2020,20200920,China,APJ,APAC,Verizon Communications,1094,Communications,SMB,Data Smasher,TX7ESPC6B5,59.98,2,0,26.3912
8867,APJ-2020-120411,9/20/2020,20200920,Australia,APJ,ANZ,BNP Paribas,1065,Finance,SMB,Marketing Suite,2TZ4Q98X1G,493.43,5,0.3,-70.49
8868,APJ-2020-120411,9/20/2020,20200920,Australia,APJ,ANZ,BNP Paribas,1065,Finance,SMB,Site Analytics,JUSHPD2XRM,11.12,2,0.2,3.475
8956,AMER-2020-126480,9/20/2020,20200920,United States,AMER,NAMER,Ford Motor,1009,Manufacturing,Strategic,Support,BCKVNZKZ7U,8.56,2,0,3.852
9394,EMEA-2020-125997,9/20/2020,20200920,United Kingdom,EMEA,UKIR,Carrefour,1048,Retail,SMB,Site Analytics,AR6YLCYI0T,629.95,5,0,157.4875
9395,EMEA-2020-125997,9/20/2020,20200920,United Kingdom,EMEA,UKIR,Carrefour,1048,Retail,SMB,FinanceHub,NJY0FRHRY8,631.782,2,0.1,140.396
9396,EMEA-2020-125997,9/20/2020,20200920,United Kingdom,EMEA,UKIR,Carrefour,1048,Retail,SMB,Marketing Suite,S0DL2BXTSD,801.568,2,0.2,-10.0196
9397,EMEA-2020-125997,9/20/2020,20200920,United Kingdom,EMEA,UKIR,Carrefour,1048,Retail,SMB,FinanceHub,6EGOEHS0TE,75.18,6,0,35.3346
9398,EMEA-2020-125997,9/20/2020,20200920,United Kingdom,EMEA,UKIR,Carrefour,1048,Retail,SMB,OneView,VV7LCCYUP1,30.98,1,0,8.0548
9399,EMEA-2020-125997,9/20/2020,20200920,United Kingdom,EMEA,UKIR,Carrefour,1048,Retail,SMB,Site Analytics,CSNMFVZFA9,1349.91,9,0,661.4559
392,AMER-2020-135972,9/21/2020,20200921,Canada,AMER,NAMER,UnitedHealth Group,1092,Healthcare,SMB,Site Analytics,53XQXZG6U7,246.384,2,0.2,27.7182
393,AMER-2020-135972,9/21/2020,20200921,Canada,AMER,NAMER,UnitedHealth Group,1092,Healthcare,SMB,Alchemy,BOW7GZ3ZYT,1799.97,3,0,701.9883
2791,AMER-2020-125514,9/21/2020,20200921,Costa Rica,AMER,LATAM,Volkswagen,1046,Manufacturing,Strategic,OneView,01JQ4CTAR9,25.96,2,0,7.5284
2792,AMER-2020-125514,9/21/2020,20200921,Costa Rica,AMER,LATAM,Volkswagen,1046,Manufacturing,Strategic,OneView,8PK22TILGE,36.27,3,0,10.881
2793,AMER-2020-125514,9/21/2020,20200921,Costa Rica,AMER,LATAM,Volkswagen,1046,Manufacturing,Strategic,Support,DZNTCJ68IG,6.48,1,0,3.1104
3162,AMER-2020-153969,9/21/2020,20200921,United States,AMER,NAMER,Aviva,1006,Finance,SMB,SaaS Connector Pack - Gold,SA1I28BDL3,15.56,2,0,7.3132
3163,AMER-2020-153969,9/21/2020,20200921,United States,AMER,NAMER,Aviva,1006,Finance,SMB,SaaS Connector Pack - Gold,OAI7WCROVA,78.35,5,0,36.8245
3164,AMER-2020-153969,9/21/2020,20200921,United States,AMER,NAMER,Aviva,1006,Finance,SMB,ChatBot Plugin,E1JN3R7RVE,59.52,3,0,15.4752
3165,AMER-2020-153969,9/21/2020,20200921,United States,AMER,NAMER,Aviva,1006,Finance,SMB,Support,MN9P5N2EX8,38.52,9,0,17.334
3166,AMER-2020-153969,9/21/2020,20200921,United States,AMER,NAMER,Aviva,1006,Finance,SMB,Site Analytics,OQB4OJEN50,239.984,2,0.2,23.9984
3167,AMER-2020-153969,9/21/2020,20200921,United States,AMER,NAMER,Aviva,1006,Finance,SMB,Support,VC9AIGLIVO,19.35,3,0,9.4815
4235,EMEA-2020-168823,9/21/2020,20200921,France,EMEA,EU-WEST,Glencore,1083,Misc,Enterprise,Support,KIAFYPISCK,11.352,3,0.2,4.1151
4236,EMEA-2020-168823,9/21/2020,20200921,France,EMEA,EU-WEST,Glencore,1083,Misc,Enterprise,FinanceHub,1NUZ1ITN0K,20.808,9,0.2,7.0227
5305,APJ-2020-166310,9/21/2020,20200921,Japan,APJ,JAPN,Exxon Mobil,1034,Energy,Enterprise,SaaS Connector Pack,R128K2GYYP,8.544,2,0.6,-7.476
7103,EMEA-2020-117478,9/21/2020,20200921,France,EMEA,EU-WEST,FedEx,1036,Transportation,SMB,ContactMatcher,K2F9I4BP7K,6.57,3,0.7,-5.037
9050,EMEA-2020-124513,9/21/2020,20200921,United Kingdom,EMEA,UKIR,Ford Motor,1009,Manufacturing,Enterprise,ChatBot Plugin,BS4CLOZ730,66.03,3,0,17.1678
964,EMEA-2020-127488,9/22/2020,20200922,Germany,EMEA,EU-WEST,Tyson Foods,1088,Consumer Products,SMB,FinanceHub,JE0001P5JE,4.608,2,0.2,1.6704
5725,APJ-2020-103191,9/22/2020,20200922,Australia,APJ,ANZ,Panasonic,1091,Tech,Strategic,Marketing Suite - Gold,6L99VGLAT2,331.536,3,0.2,-82.884
8233,AMER-2020-158225,9/22/2020,20200922,United States,AMER,NAMER,Honda Motor,1045,Manufacturing,SMB,Marketing Suite - Gold,G0O4K6A0PD,169.45,5,0,42.3625
8234,AMER-2020-158225,9/22/2020,20200922,United States,AMER,NAMER,Honda Motor,1045,Manufacturing,SMB,Marketing Suite - Gold,LWZTXAIUHH,40.68,2,0,0.4068
9656,EMEA-2020-156160,9/22/2020,20200922,United Kingdom,EMEA,UKIR,Morgan Stanley,1068,Finance,SMB,SaaS Connector Pack,MHZBX1T15S,97.44,3,0,35.0784
9657,EMEA-2020-156160,9/22/2020,20200922,United Kingdom,EMEA,UKIR,Morgan Stanley,1068,Finance,SMB,ContactMatcher,AXYLTET1NF,3.984,1,0.2,1.3944
9658,EMEA-2020-156160,9/22/2020,20200922,United Kingdom,EMEA,UKIR,Morgan Stanley,1068,Finance,SMB,ChatBot Plugin,FHYO206Z2T,13.04,4,0,5.7376
9659,EMEA-2020-156160,9/22/2020,20200922,United Kingdom,EMEA,UKIR,Morgan Stanley,1068,Finance,SMB,FinanceHub,E5U2M4BHOQ,579.528,4,0.1,83.7096
3352,AMER-2020-134733,9/23/2020,20200923,United States,AMER,NAMER,Volkswagen,1046,Manufacturing,Strategic,Marketing Suite,SIQWP5G5ZZ,435.999,3,0.15,20.5176
3353,AMER-2020-134733,9/23/2020,20200923,United States,AMER,NAMER,Volkswagen,1046,Manufacturing,Strategic,Site Analytics,MEOF1ZQ1DR,83.984,2,0.2,31.494
3608,EMEA-2020-163559,9/23/2020,20200923,United Kingdom,EMEA,UKIR,UnitedHealth Group,1092,Healthcare,SMB,ContactMatcher,WRMJUM5OCW,139.44,3,0.2,47.061
4097,EMEA-2020-116904,9/23/2020,20200923,Luxembourg,EMEA,EU-WEST,Anthem,1029,Healthcare,SMB,Support,3NG0YTFTZC,32.4,5,0,15.552
4098,EMEA-2020-116904,9/23/2020,20200923,Luxembourg,EMEA,EU-WEST,Anthem,1029,Healthcare,SMB,Marketing Suite - Gold,TS7UPZCWF3,404.9,5,0,16.196
4099,EMEA-2020-116904,9/23/2020,20200923,Luxembourg,EMEA,EU-WEST,Anthem,1029,Healthcare,SMB,ContactMatcher,TBTJ3FL8AN,9449.95,5,0,4630.4755
4100,EMEA-2020-116904,9/23/2020,20200923,Luxembourg,EMEA,EU-WEST,Anthem,1029,Healthcare,SMB,ContactMatcher,78T0GGKB9M,12.94,2,0,6.47
5641,AMER-2020-147900,9/23/2020,20200923,Mexico,AMER,LATAM,Microsoft,1066,Tech,Enterprise,Support,P81LZHWJIX,28.8,9,0.2,10.08
6945,APJ-2020-148369,9/23/2020,20200923,Philippines,APJ,APAC,Oracle,1072,Tech,Strategic,ContactMatcher,71NZN7I9VT,11.12,4,0,5.4488
7483,EMEA-2020-113964,9/23/2020,20200923,United Kingdom,EMEA,UKIR,Sysco,1084,Consumer Products,Enterprise,ContactMatcher,LKMQPN5Q9G,18.464,4,0.2,6.924
9291,APJ-2020-163650,9/23/2020,20200923,Philippines,APJ,APAC,J.P. Morgan Chase & Co.,1054,Finance,SMB,ChatBot Plugin,BQWDEX6LWD,9.84,3,0,2.8536
9292,APJ-2020-163650,9/23/2020,20200923,Philippines,APJ,APAC,J.P. Morgan Chase & Co.,1054,Finance,SMB,ContactMatcher,CY6T1ATZD5,34.5,3,0,15.525
366,AMER-2020-123344,9/24/2020,20200924,United States,AMER,NAMER,Cisco Systems,1019,Tech,SMB,Marketing Suite - Gold,3F82NCFA64,211.96,4,0,8.4784
2825,APJ-2020-112914,9/25/2020,20200925,Japan,APJ,JAPN,Sony,1028,Tech,Enterprise,Support,M2BKRDO58U,33.792,8,0.2,10.56
2826,APJ-2020-112914,9/25/2020,20200925,Japan,APJ,JAPN,Sony,1028,Tech,Enterprise,Marketing Suite,JX7AONAS9H,300.5328,2,0.32,-97.2312
2827,APJ-2020-112914,9/25/2020,20200925,Japan,APJ,JAPN,Sony,1028,Tech,Enterprise,ContactMatcher,LL6NYFGT51,2.724,2,0.8,-4.3584
2828,APJ-2020-112914,9/25/2020,20200925,Japan,APJ,JAPN,Sony,1028,Tech,Enterprise,SaaS Connector Pack - Gold,BJUZ34DB6K,3.264,2,0.2,1.1016
7050,EMEA-2020-141355,9/25/2020,20200925,Russia,EMEA,EU-EAST,Banco Santander,1101,Finance,Enterprise,ChatBot Plugin,VRO8NBSJNR,14.576,2,0.2,2.3686
1360,AMER-2020-151925,9/26/2020,20200926,United States,AMER,NAMER,Toyota Motor,1087,Manufacturing,SMB,FinanceHub,04B9TSGCOP,145.568,2,0.2,0
2107,APJ-2020-152723,9/26/2020,20200926,Japan,APJ,JAPN,Ford Motor,1009,Manufacturing,Strategic,ContactMatcher,S9Y8YK7G3A,0.876,1,0.8,-1.4016
2543,EMEA-2020-164385,9/26/2020,20200926,France,EMEA,EU-WEST,CVS Health,1026,Retail,Strategic,OneView,U0GZ1X643P,143.952,3,0.2,14.3952
2906,AMER-2020-127586,9/26/2020,20200926,Canada,AMER,NAMER,Royal Dutch Shell,1031,Energy,Enterprise,Marketing Suite - Gold,KNIC34VXJF,310.12,2,0,80.6312
5469,AMER-2020-132451,9/26/2020,20200926,United States,AMER,NAMER,Allstate,1003,Finance,Enterprise,FinanceHub,UMCDVY294F,585.552,3,0.2,73.194
5470,AMER-2020-132451,9/26/2020,20200926,United States,AMER,NAMER,Allstate,1003,Finance,Enterprise,Support,UHEJN85RKW,19.44,3,0,9.3312
8050,EMEA-2020-144974,9/26/2020,20200926,France,EMEA,EU-WEST,Huawei,1086,Tech,Strategic,ContactMatcher,YR84KV829X,5.97,5,0.7,-4.577
8051,EMEA-2020-144974,9/26/2020,20200926,France,EMEA,EU-WEST,Huawei,1086,Tech,Strategic,SaaS Connector Pack,CREIG02027,21.184,1,0.2,4.7664
8052,EMEA-2020-144974,9/26/2020,20200926,France,EMEA,EU-WEST,Huawei,1086,Tech,Strategic,OneView,KZG82SW3WU,41.376,6,0.2,3.1032
9621,AMER-2020-115133,9/26/2020,20200926,Mexico,AMER,LATAM,Kroger,1057,Retail,Enterprise,OneView,1IFMQHZJP8,16.704,6,0.2,1.2528
9622,AMER-2020-115133,9/26/2020,20200926,Mexico,AMER,LATAM,Kroger,1057,Retail,Enterprise,Data Smasher,M3KKEGTJM1,3.152,2,0.2,0.4728
9623,AMER-2020-115133,9/26/2020,20200926,Mexico,AMER,LATAM,Kroger,1057,Retail,Enterprise,Support,K69P1R2GQ3,32.896,4,0.2,11.1024
9896,APJ-2020-115049,9/26/2020,20200926,Australia,APJ,ANZ,Anthem,1029,Healthcare,SMB,Data Smasher,2RJMI934DR,153.824,11,0.2,38.456
314,AMER-2020-120887,9/27/2020,20200927,Argentina,AMER,LATAM,HSBC Holdings,1070,Finance,Strategic,SaaS Connector Pack,W2S8WFPB53,87.54,3,0,37.6422
3313,AMER-2020-133130,9/27/2020,20200927,United States,AMER,NAMER,AmerisourceBergen,1007,Healthcare,SMB,FinanceHub,19YI5KBWJL,603.92,5,0.2,45.294
3314,AMER-2020-133130,9/27/2020,20200927,United States,AMER,NAMER,AmerisourceBergen,1007,Healthcare,SMB,Support,MWFAZ07AX2,81.98,2,0,40.1702
1325,APJ-2020-107153,9/28/2020,20200928,South Korea,APJ,APAC,Amazon,1004,Tech,Strategic,Marketing Suite - Gold,1RXTAFOUA7,46.26,3,0,12.4902
1731,EMEA-2020-125136,9/28/2020,20200928,Sweden,EMEA,NOR,AT&T,1010,Communications,Strategic,Support,71NEOSWO9X,96.256,8,0.2,31.2832
1732,EMEA-2020-125136,9/28/2020,20200928,Sweden,EMEA,NOR,AT&T,1010,Communications,Strategic,Support,TEZZZQ0GQM,10.688,2,0.2,3.7408
9042,EMEA-2020-114335,9/28/2020,20200928,Germany,EMEA,EU-WEST,Prudential Financial,1078,Finance,SMB,SaaS Connector Pack,WURFMLNBTI,337.088,4,0.2,16.8544
1142,AMER-2020-146969,9/29/2020,20200929,United States,AMER,NAMER,AT&T,1010,Communications,SMB,SaaS Connector Pack,MBORZ9MNEE,204.6,2,0,53.196
1143,AMER-2020-146969,9/29/2020,20200929,United States,AMER,NAMER,AT&T,1010,Communications,SMB,Storage,PVZ3LUIWY2,8.72,4,0,2.8776
1144,AMER-2020-146969,9/29/2020,20200929,United States,AMER,NAMER,AT&T,1010,Communications,SMB,Support,CRLC25BRC0,6.48,1,0,3.1104
1145,AMER-2020-146969,9/29/2020,20200929,United States,AMER,NAMER,AT&T,1010,Communications,SMB,Big Ol Database,2V13BEYI7Y,686.32,2,0.2,223.054
1146,AMER-2020-146969,9/29/2020,20200929,United States,AMER,NAMER,AT&T,1010,Communications,SMB,Marketing Suite - Gold,PGA0ZFV5M4,62.18,1,0,16.7886
4052,EMEA-2020-122931,9/29/2020,20200929,France,EMEA,EU-WEST,Sony,1028,Tech,Strategic,ChatBot Plugin,8R9X3GP60I,4.224,3,0.2,1.4784
4053,EMEA-2020-122931,9/29/2020,20200929,France,EMEA,EU-WEST,Sony,1028,Tech,Strategic,ContactMatcher,SOPZQMKARE,409.272,2,0.4,-81.8544
4054,EMEA-2020-122931,9/29/2020,20200929,France,EMEA,EU-WEST,Sony,1028,Tech,Strategic,FinanceHub,ZHNZ7AQW8Z,55.44,11,0.2,18.018
4055,EMEA-2020-122931,9/29/2020,20200929,France,EMEA,EU-WEST,Sony,1028,Tech,Strategic,Support,HA595JHHGS,20.928,4,0.2,6.8016
4056,EMEA-2020-122931,9/29/2020,20200929,France,EMEA,EU-WEST,Sony,1028,Tech,Strategic,Marketing Suite - Gold,5GADY6POTL,1801.632,6,0.2,-337.806
4057,EMEA-2020-122931,9/29/2020,20200929,France,EMEA,EU-WEST,Sony,1028,Tech,Strategic,ContactMatcher,CNXEX5IDI0,67.176,1,0.4,-20.1528
5626,AMER-2020-126683,9/29/2020,20200929,Canada,AMER,NAMER,Mitsubishi,1050,Manufacturing,Enterprise,SaaS Connector Pack,H3RA8BHYX8,6.16,2,0,2.9568
5627,AMER-2020-126683,9/29/2020,20200929,Canada,AMER,NAMER,Mitsubishi,1050,Manufacturing,Enterprise,ContactMatcher,X20GA5GX5T,2348.82,9,0,399.2994
5796,EMEA-2020-124856,9/29/2020,20200929,United Kingdom,EMEA,UKIR,Huawei,1086,Tech,SMB,Marketing Suite - Gold,CZ72TLM0NE,1395.54,9,0,362.8404
5797,EMEA-2020-124856,9/29/2020,20200929,United Kingdom,EMEA,UKIR,Huawei,1086,Tech,SMB,SaaS Connector Pack,DVNY2B1VPF,117.36,4,0,36.3816
5798,EMEA-2020-124856,9/29/2020,20200929,United Kingdom,EMEA,UKIR,Huawei,1086,Tech,SMB,FinanceHub,P6NKIYF3YB,18.9,3,0,8.694
5799,EMEA-2020-124856,9/29/2020,20200929,United Kingdom,EMEA,UKIR,Huawei,1086,Tech,SMB,Support,LQNMOBL0FK,77.52,2,0,37.9848
9730,AMER-2020-111962,9/29/2020,20200929,Canada,AMER,NAMER,Sony,1028,Tech,SMB,ContactMatcher,626DDEXOQF,10.048,2,0.2,3.14
9731,AMER-2020-111962,9/29/2020,20200929,Canada,AMER,NAMER,Sony,1028,Tech,SMB,Marketing Suite - Gold,BJ9XABLLNR,807.75,5,0,153.4725
1791,EMEA-2020-102008,9/30/2020,20200930,United Kingdom,EMEA,UKIR,Sony,1028,Tech,SMB,Support,UE2EXTUSGM,48.94,1,0,24.47
2106,EMEA-2020-167633,9/30/2020,20200930,Germany,EMEA,EU-WEST,Pfizer,1074,Healthcare,SMB,Support,QSXYHCWU7Y,15.552,3,0.2,5.4432
2335,EMEA-2020-140886,9/30/2020,20200930,South Africa,EMEA,MEA,AT&T,1010,Communications,SMB,OneView,KHXP60XXBY,69.216,6,0.2,11.2476
3048,AMER-2020-137351,9/30/2020,20200930,Canada,AMER,NAMER,BNP Paribas,1065,Finance,SMB,ContactMatcher,8KV5J8MXG2,43.176,7,0.2,13.4925
3284,EMEA-2020-159478,9/30/2020,20200930,United Kingdom,EMEA,UKIR,General Motors,1041,Manufacturing,Strategic,SaaS Connector Pack,657I1MGZ0X,15.24,3,0,5.1816
7398,AMER-2020-141649,9/30/2020,20200930,Mexico,AMER,LATAM,Aetna,1002,Healthcare,Strategic,OneView,EJ1UQFL7GI,795.408,6,0.2,59.6556
8706,EMEA-2020-132745,10/1/2020,20201001,Israel,EMEA,EU-EAST,Morgan Stanley,1068,Finance,Enterprise,Storage,YSQZOKSN5B,4.71,1,0,0
3223,AMER-2020-108189,10/2/2020,20201002,Chile,AMER,LATAM,Samsung Electronics,1015,Tech,Strategic,Support,9RBAH4V6X8,9.408,2,0.2,3.4104
3224,AMER-2020-108189,10/2/2020,20201002,Chile,AMER,LATAM,Samsung Electronics,1015,Tech,Strategic,Storage,80BGOGJ6GP,4.672,2,0.2,1.46
3225,AMER-2020-108189,10/2/2020,20201002,Chile,AMER,LATAM,Samsung Electronics,1015,Tech,Strategic,Site Analytics,XY75PE6O81,318.4,2,0.2,107.46
3226,AMER-2020-108189,10/2/2020,20201002,Chile,AMER,LATAM,Samsung Electronics,1015,Tech,Strategic,SaaS Connector Pack - Gold,6YH2VO8GBQ,12.768,6,0.2,4.6284
3227,AMER-2020-108189,10/2/2020,20201002,Chile,AMER,LATAM,Samsung Electronics,1015,Tech,Strategic,Support,1I5OXUGEIK,15.36,2,0.2,-3.264
3228,AMER-2020-108189,10/2/2020,20201002,Chile,AMER,LATAM,Samsung Electronics,1015,Tech,Strategic,Site Analytics,EXZVCPMIW1,230.376,3,0.2,20.1579
3229,AMER-2020-108189,10/2/2020,20201002,Chile,AMER,LATAM,Samsung Electronics,1015,Tech,Strategic,Data Smasher,6P71CRX8TP,7.16,1,0.2,-0.0895
1351,APJ-2020-153976,10/3/2020,20201003,Australia,APJ,ANZ,Mondelez International,1067,Consumer Products,SMB,FinanceHub,JZXI1Y6W6M,258.279,3,0.3,-70.1043
2275,AMER-2020-157882,10/3/2020,20201003,United States,AMER,NAMER,Sony,1028,Tech,Strategic,ContactMatcher,5ZSJASFKNF,143.432,1,0.2,3.5858
2276,AMER-2020-157882,10/3/2020,20201003,United States,AMER,NAMER,Sony,1028,Tech,Strategic,FinanceHub,HY8PI8AE2T,122.352,3,0.2,13.7646
4877,EMEA-2020-155817,10/3/2020,20201003,Sweden,EMEA,NOR,Ford Motor,1009,Manufacturing,Enterprise,Marketing Suite - Gold,YOMNSW4H5Y,61.568,2,0.2,4.6176
4878,EMEA-2020-155817,10/3/2020,20201003,Sweden,EMEA,NOR,Ford Motor,1009,Manufacturing,Enterprise,ChatBot Plugin,J29MKOJ40B,6.192,3,0.2,0.4644
5600,AMER-2020-108903,10/3/2020,20201003,Mexico,AMER,LATAM,Verizon Communications,1094,Communications,SMB,ChatBot Plugin,DXDHVHOII0,55.984,2,0.2,4.1988
5601,AMER-2020-108903,10/3/2020,20201003,Mexico,AMER,LATAM,Verizon Communications,1094,Communications,SMB,SaaS Connector Pack - Gold,9NJQWWCUNF,14.48,5,0.2,4.887
5602,AMER-2020-108903,10/3/2020,20201003,Mexico,AMER,LATAM,Verizon Communications,1094,Communications,SMB,Data Smasher,Q8JAVUOF9K,142.488,3,0.2,-3.5622
8218,APJ-2020-120775,10/3/2020,20201003,Japan,APJ,JAPN,Petrobras,1018,Energy,SMB,Storage,KABUV0XIKR,4.344,3,0.2,0.8688
8219,APJ-2020-120775,10/3/2020,20201003,Japan,APJ,JAPN,Petrobras,1018,Energy,SMB,SaaS Connector Pack,KW2GDH4A67,31.776,3,0.6,-19.0656
8220,APJ-2020-120775,10/3/2020,20201003,Japan,APJ,JAPN,Petrobras,1018,Energy,SMB,FinanceHub,W2JGJY1V5G,4.928,2,0.2,1.7248
8221,APJ-2020-120775,10/3/2020,20201003,Japan,APJ,JAPN,Petrobras,1018,Energy,SMB,ContactMatcher,4C8A9SMAUQ,1.788,3,0.8,-3.0396
8222,APJ-2020-120775,10/3/2020,20201003,Japan,APJ,JAPN,Petrobras,1018,Energy,SMB,Storage,5W7WD4IYE3,15.072,4,0.2,-3.768
2724,AMER-2020-153479,10/4/2020,20201004,United States,AMER,NAMER,Aviva,1006,Finance,SMB,FinanceHub,EN2A4GAP9G,14.45,5,0,6.7915
2725,AMER-2020-153479,10/4/2020,20201004,United States,AMER,NAMER,Aviva,1006,Finance,SMB,ContactMatcher,9MJ6HE00Q8,95.648,2,0.2,31.0856
4948,AMER-2020-102085,10/4/2020,20201004,Canada,AMER,NAMER,Walmart,1096,Retail,SMB,FinanceHub,SGMJWOXHE4,29.24,4,0,13.7428
6440,EMEA-2020-166891,10/4/2020,20201004,United Kingdom,EMEA,UKIR,Comcast,1022,Communications,SMB,FinanceHub,L9B1ZQ1AZU,589.41,5,0.1,-6.549
6020,AMER-2020-152422,10/5/2020,20201005,Mexico,AMER,LATAM,AT&T,1010,Communications,SMB,OneView,H0R6JNRD0C,91.92,5,0.2,11.49
6805,AMER-2020-152233,10/5/2020,20201005,United States,AMER,NAMER,Amazon,1004,Tech,SMB,Data Smasher,8XFP32ZODM,99.98,2,0,34.993
482,AMER-2020-134677,10/6/2020,20201006,United States,AMER,NAMER,Prudential Financial,1078,Finance,SMB,Data Smasher,47ZPTGTX5P,9.09,3,0,1.9089
5418,AMER-2020-132542,10/6/2020,20201006,Costa Rica,AMER,LATAM,Carrefour,1048,Retail,Strategic,ContactMatcher,8HNAG47ERC,15.36,2,0,7.68
6356,EMEA-2020-110611,10/6/2020,20201006,France,EMEA,EU-WEST,Walmart,1096,Retail,SMB,Marketing Suite - Gold,ZKN935AOIU,83.92,5,0.2,-13.637
8830,APJ-2020-109680,10/6/2020,20201006,India,APJ,IND,Bosch,1076,Tech,Strategic,Marketing Suite - Gold,960D65MO6E,386.34,2,0,54.0876
724,EMEA-2020-117429,10/7/2020,20201007,France,EMEA,EU-WEST,Kroger,1057,Retail,Enterprise,SaaS Connector Pack,UNEI6MNV0E,129.92,5,0.2,21.112
3827,APJ-2020-132801,10/7/2020,20201007,Japan,APJ,JAPN,Daimler,1052,Transportation,Strategic,Marketing Suite - Gold,9WZUE9FIS3,107.44,10,0.2,10.744
7677,EMEA-2020-142951,10/8/2020,20201008,Sweden,EMEA,NOR,UnitedHealth Group,1092,Healthcare,SMB,Data Smasher,6GEOBE2N7H,23.472,3,0.2,4.9878
8853,EMEA-2020-119977,10/8/2020,20201008,United Kingdom,EMEA,UKIR,Verizon Communications,1094,Communications,SMB,Support,D3SREMZOFD,123.92,4,0,55.764
7153,EMEA-2020-137911,10/9/2020,20201009,Sweden,EMEA,NOR,Mitsubishi,1050,Manufacturing,Strategic,Support,QCFM4JXOX2,88.768,2,0.2,31.0688
9459,AMER-2020-138240,10/9/2020,20201009,United States,AMER,NAMER,Wells Fargo,1099,Finance,SMB,ChatBot Plugin,F9XW44HDT6,144.6,3,0,41.934
9460,AMER-2020-138240,10/9/2020,20201009,United States,AMER,NAMER,Wells Fargo,1099,Finance,SMB,Site Analytics,E8F1BMV7H8,15.992,1,0.2,-2.9985
4533,AMER-2020-140403,10/10/2020,20201010,United States,AMER,NAMER,Itochu,1032,Finance,Enterprise,FinanceHub,OMDN6LWMMQ,122.352,3,0.2,13.7646
4534,AMER-2020-140403,10/10/2020,20201010,United States,AMER,NAMER,Itochu,1032,Finance,Enterprise,SaaS Connector Pack - Gold,69N0DZ0HQS,15.28,2,0,7.4872
6679,AMER-2020-150329,10/10/2020,20201010,Chile,AMER,LATAM,BMW,1039,Manufacturing,Enterprise,SaaS Connector Pack,77RJTWC6RF,46.872,7,0.2,3.5154
7546,APJ-2020-103492,10/10/2020,20201010,Japan,APJ,JAPN,Huawei,1086,Tech,Strategic,Site Analytics,FZBE5OFNXA,719.952,6,0.2,71.9952
7547,APJ-2020-103492,10/10/2020,20201010,Japan,APJ,JAPN,Huawei,1086,Tech,Strategic,Site Analytics,LYWZY4OV4G,755.944,7,0.2,66.1451
7548,APJ-2020-103492,10/10/2020,20201010,Japan,APJ,JAPN,Huawei,1086,Tech,Strategic,ContactMatcher,IRZUCP2A0A,11.98,5,0.8,-19.168
7549,APJ-2020-103492,10/10/2020,20201010,Japan,APJ,JAPN,Huawei,1086,Tech,Strategic,ContactMatcher,A8C9RAV575,0.898,1,0.8,-1.5715
8873,AMER-2020-105137,10/10/2020,20201010,Mexico,AMER,LATAM,AT&T,1010,Communications,SMB,Big Ol Database,FIS5N0SC53,101.994,2,0.7,-71.3958
8874,AMER-2020-105137,10/10/2020,20201010,Mexico,AMER,LATAM,AT&T,1010,Communications,SMB,ContactMatcher,C6HJYFIQDZ,18.264,2,0.7,-13.3936
9275,APJ-2020-134054,10/10/2020,20201010,New Zealand,APJ,ANZ,Fannie Mae,1035,Finance,Strategic,ChatBot Plugin,K0TLS7B869,255.85,7,0,112.574
3266,EMEA-2020-126571,10/11/2020,20201011,France,EMEA,EU-WEST,BMW,1039,Manufacturing,SMB,Marketing Suite - Gold,XDT255605L,281.904,2,0.2,10.5714
3267,EMEA-2020-126571,10/11/2020,20201011,France,EMEA,EU-WEST,BMW,1039,Manufacturing,SMB,SaaS Connector Pack - Gold,IM2GCIWY7L,201.432,3,0.2,67.9833
4001,AMER-2020-116834,10/11/2020,20201011,Canada,AMER,NAMER,Lukoil,1044,Energy,Enterprise,SaaS Connector Pack,VJMFAX9BQO,63.47,11,0,19.041
4002,AMER-2020-116834,10/11/2020,20201011,Canada,AMER,NAMER,Lukoil,1044,Energy,Enterprise,Data Smasher,IBW9RPVMR9,345,5,0,58.65
4168,AMER-2020-157924,10/11/2020,20201011,United States,AMER,NAMER,AmerisourceBergen,1007,Healthcare,SMB,Marketing Suite - Gold,6YIR6FYVOW,31.92,4,0,8.2992
4169,AMER-2020-157924,10/11/2020,20201011,United States,AMER,NAMER,AmerisourceBergen,1007,Healthcare,SMB,FinanceHub,Z6Q8R5OWQY,433.568,2,0.2,-65.0352
5928,EMEA-2020-114314,10/11/2020,20201011,United Arab Emirates,EMEA,MEA,Valero Energy,1093,Energy,Strategic,FinanceHub,LM4JKBZLRE,7.31,1,0,3.4357
5929,EMEA-2020-114314,10/11/2020,20201011,United Arab Emirates,EMEA,MEA,Valero Energy,1093,Energy,Strategic,SaaS Connector Pack,BY01N14QI9,8.92,4,0,3.9248
6215,AMER-2020-128538,10/11/2020,20201011,United States,AMER,NAMER,Ford Motor,1009,Manufacturing,SMB,SaaS Connector Pack - Gold,G6ZI47APMH,7.64,1,0,3.7436
82,AMER-2020-139451,10/12/2020,20201012,United States,AMER,NAMER,Verizon Communications,1094,Communications,SMB,ChatBot Plugin,920M0N09EE,14.9,5,0,4.172
83,AMER-2020-139451,10/12/2020,20201012,United States,AMER,NAMER,Verizon Communications,1094,Communications,SMB,Marketing Suite - Gold,9SVF10L0F3,21.39,1,0,6.2031
9440,APJ-2020-154655,10/12/2020,20201012,Australia,APJ,ANZ,Nissan Motor,1098,Transportation,Strategic,Support,YZ1TRE0C4W,22.24,2,0.2,2.502
810,AMER-2020-151995,10/13/2020,20201013,Canada,AMER,NAMER,Volkswagen,1046,Manufacturing,SMB,ChatBot Plugin,PGGKETKP9A,11.52,4,0,3.2256
811,AMER-2020-151995,10/13/2020,20201013,Canada,AMER,NAMER,Volkswagen,1046,Manufacturing,SMB,ContactMatcher,SVQ1J5FOQK,1298.55,5,0,311.652
812,AMER-2020-151995,10/13/2020,20201013,Canada,AMER,NAMER,Volkswagen,1046,Manufacturing,SMB,OneView,NHJMNOYKF2,213.92,4,0,62.0368
813,AMER-2020-151995,10/13/2020,20201013,Canada,AMER,NAMER,Volkswagen,1046,Manufacturing,SMB,Data Smasher,UAMJKJDJN9,25.78,2,0,2.578
5592,AMER-2020-164742,10/13/2020,20201013,Argentina,AMER,LATAM,Siemens,1043,Manufacturing,Strategic,FinanceHub,UVE4D9ST5V,245.98,2,0,27.0578
5593,AMER-2020-164742,10/13/2020,20201013,Argentina,AMER,LATAM,Siemens,1043,Manufacturing,Strategic,ContactMatcher,QG2DS7XZLF,18.94,1,0,9.47
6322,EMEA-2020-123316,10/13/2020,20201013,United Kingdom,EMEA,UKIR,Cigna,1038,Healthcare,Strategic,ContactMatcher,18DZJY2RE4,7.752,3,0.2,2.8101
9111,EMEA-2020-132010,10/13/2020,20201013,Spain,EMEA,EU-WEST,Enel,1013,Energy,Enterprise,SaaS Connector Pack - Gold,R2QEUNKYJP,36.4,5,0,17.472
9112,EMEA-2020-132010,10/13/2020,20201013,Spain,EMEA,EU-WEST,Enel,1013,Energy,Enterprise,Data Smasher,JNPLHYTX8W,22.96,2,0,4.3624
9113,EMEA-2020-132010,10/13/2020,20201013,Spain,EMEA,EU-WEST,Enel,1013,Energy,Enterprise,Marketing Suite - Gold,12RKB1NJLE,315.2,4,0,6.304
9114,EMEA-2020-132010,10/13/2020,20201013,Spain,EMEA,EU-WEST,Enel,1013,Energy,Enterprise,ContactMatcher,0PYOXYRQ46,15.18,3,0,7.1346
4906,EMEA-2020-146353,10/14/2020,20201014,Greece,EMEA,EU-EAST,American Express,1005,Finance,Strategic,ContactMatcher,IQPH1C51CU,22.92,4,0,11.0016
4907,EMEA-2020-146353,10/14/2020,20201014,Greece,EMEA,EU-EAST,American Express,1005,Finance,Strategic,Marketing Suite - Gold,I1DJPEYBO5,269.9,5,0,16.194
5756,APJ-2020-163748,10/14/2020,20201014,Japan,APJ,JAPN,Philip Morris International,1075,Consumer Products,SMB,OneView,HR65DZHLGJ,3.16,4,0.8,-8.532
5757,APJ-2020-163748,10/14/2020,20201014,Japan,APJ,JAPN,Philip Morris International,1075,Consumer Products,SMB,Alchemy,E61PWWU6KW,1999.96,5,0.2,624.9875
9064,APJ-2020-151015,10/14/2020,20201014,Australia,APJ,ANZ,Verizon Communications,1094,Communications,SMB,Support,3JDAFYV3OX,322.192,13,0.2,100.685
9065,APJ-2020-151015,10/14/2020,20201014,Australia,APJ,ANZ,Verizon Communications,1094,Communications,SMB,ContactMatcher,AV1YHBS60F,2.946,3,0.8,-4.8609
9066,APJ-2020-151015,10/14/2020,20201014,Australia,APJ,ANZ,Verizon Communications,1094,Communications,SMB,Support,QNQ6Z56PPJ,19.136,4,0.2,6.9368
9634,APJ-2020-151330,10/14/2020,20201014,South Korea,APJ,APAC,Bank of America Corp.,1011,Finance,SMB,Data Smasher,T6RXKVEE7A,177,3,0,30.09
9635,APJ-2020-151330,10/14/2020,20201014,South Korea,APJ,APAC,Bank of America Corp.,1011,Finance,SMB,Marketing Suite - Gold,UK84TSV097,79.45,7,0,22.246
9636,APJ-2020-151330,10/14/2020,20201014,South Korea,APJ,APAC,Bank of America Corp.,1011,Finance,SMB,FinanceHub,GL4IHANVPZ,1628.82,9,0,260.6112
2695,EMEA-2020-143182,10/15/2020,20201015,Germany,EMEA,EU-WEST,Prudential Financial,1078,Finance,SMB,SaaS Connector Pack,ZX1H7O018N,15.384,1,0.2,4.0383
4898,AMER-2020-122021,10/15/2020,20201015,Mexico,AMER,LATAM,Honda Motor,1045,Manufacturing,SMB,FinanceHub,SX9YCZPOD0,183.372,2,0.3,-7.8588
4899,AMER-2020-122021,10/15/2020,20201015,Mexico,AMER,LATAM,Honda Motor,1045,Manufacturing,SMB,Support,80N4WTWRZM,7.968,2,0.2,2.8884
5886,AMER-2020-109456,10/16/2020,20201016,United States,AMER,NAMER,Oracle,1072,Tech,SMB,ContactMatcher,GJ2SIU6F6J,14.352,3,0.2,5.0232
5887,AMER-2020-109456,10/16/2020,20201016,United States,AMER,NAMER,Oracle,1072,Tech,SMB,Data Smasher,FOW3IHH9ZJ,179.97,3,0,86.3856
6874,APJ-2020-124394,10/17/2020,20201017,Japan,APJ,JAPN,Intel,1051,Tech,SMB,ContactMatcher,VX687WANUN,10.78,5,0.8,-17.248
6875,APJ-2020-124394,10/17/2020,20201017,Japan,APJ,JAPN,Intel,1051,Tech,SMB,Data Smasher,0Q1C6FONED,119.976,3,0.2,-17.9964
9558,APJ-2020-103086,10/17/2020,20201017,Japan,APJ,JAPN,Sony,1028,Tech,SMB,SaaS Connector Pack,1F0NWENMUK,5.312,2,0.6,-1.5936
1976,EMEA-2020-110408,10/18/2020,20201018,Portugal,EMEA,EU-WEST,Trafigura Group,1100,Finance,Strategic,Marketing Suite - Gold,WRBMWWMXGU,275.97,3,0,11.0388
1977,EMEA-2020-110408,10/18/2020,20201018,Portugal,EMEA,EU-WEST,Trafigura Group,1100,Finance,Strategic,Site Analytics,NY13RGDBI3,1394.95,5,0,362.687
1978,EMEA-2020-110408,10/18/2020,20201018,Portugal,EMEA,EU-WEST,Trafigura Group,1100,Finance,Strategic,FinanceHub,V8RV21G210,545.88,6,0,70.9644
5110,EMEA-2020-138450,10/18/2020,20201018,France,EMEA,EU-WEST,Allianz,1080,Finance,Strategic,SaaS Connector Pack - Gold,54JLTKQJYJ,52.512,6,0.2,19.692
5111,EMEA-2020-138450,10/18/2020,20201018,France,EMEA,EU-WEST,Allianz,1080,Finance,Strategic,Marketing Suite - Gold,6S6F9HCK9O,186.912,6,0.2,-35.046
5112,EMEA-2020-138450,10/18/2020,20201018,France,EMEA,EU-WEST,Allianz,1080,Finance,Strategic,Support,7GPAVWCOD3,10.048,4,0.2,3.14
5234,EMEA-2020-115084,10/18/2020,20201018,United Arab Emirates,EMEA,MEA,Target,1085,Retail,Strategic,FinanceHub,DPKR2R8Q4N,605.34,6,0,145.2816
7117,AMER-2020-143168,10/18/2020,20201018,Canada,AMER,NAMER,Allianz,1080,Finance,SMB,Support,X8OJ7MM6Y3,61.96,2,0,27.882
7118,AMER-2020-143168,10/18/2020,20201018,Canada,AMER,NAMER,Allianz,1080,Finance,SMB,ContactMatcher,MI4BLLTQG6,1.344,1,0.2,0.4704
1594,AMER-2020-117317,10/19/2020,20201019,United States,AMER,NAMER,J.P. Morgan Chase & Co.,1054,Finance,SMB,Support,7PPEVMTCKA,13.44,3,0,6.5856
9338,AMER-2020-155264,10/19/2020,20201019,United States,AMER,NAMER,Nestle,1089,Consumer Products,Strategic,ContactMatcher,S72J0LCYK8,2.992,1,0.2,1.122
9339,AMER-2020-155264,10/19/2020,20201019,United States,AMER,NAMER,Nestle,1089,Consumer Products,Strategic,ContactMatcher,ZMHDR7GHI8,20.064,6,0.2,7.0224
9340,AMER-2020-155264,10/19/2020,20201019,United States,AMER,NAMER,Nestle,1089,Consumer Products,Strategic,Support,1QHRULTAYX,146.73,3,0,68.9631
9341,AMER-2020-155264,10/19/2020,20201019,United States,AMER,NAMER,Nestle,1089,Consumer Products,Strategic,FinanceHub,OPC57RY5HF,18.75,5,0,9
9342,AMER-2020-155264,10/19/2020,20201019,United States,AMER,NAMER,Nestle,1089,Consumer Products,Strategic,Site Analytics,Q8WXA3S6VI,117.576,3,0.2,11.7576
9462,AMER-2020-100867,10/19/2020,20201019,United States,AMER,NAMER,Philip Morris International,1075,Consumer Products,Enterprise,Site Analytics,VJARLLBJ54,321.552,6,0.2,20.097
47,AMER-2020-146703,10/20/2020,20201020,Brazil,AMER,LATAM,Morgan Stanley,1068,Finance,SMB,Marketing Suite - Gold,S2GUIRDRRI,211.96,4,0,8.4784
6537,EMEA-2020-169684,10/20/2020,20201020,South Africa,EMEA,MEA,Humana,1049,Healthcare,Strategic,ContactMatcher,RVIQJJ9WQW,328.59,3,0.4,-147.8655
6538,EMEA-2020-169684,10/20/2020,20201020,South Africa,EMEA,MEA,Humana,1049,Healthcare,Strategic,Marketing Suite - Gold,1AK7N7QP8A,98.352,3,0.2,-24.588
6554,APJ-2020-137092,10/20/2020,20201020,Australia,APJ,ANZ,Prudential Financial,1078,Finance,Enterprise,Data Smasher,9U4FCGBVYT,319.968,4,0.2,71.9928
6555,APJ-2020-137092,10/20/2020,20201020,Australia,APJ,ANZ,Prudential Financial,1078,Finance,Enterprise,Marketing Suite - Gold,CVW7UT00K3,505.32,3,0.2,31.5825
6556,APJ-2020-137092,10/20/2020,20201020,Australia,APJ,ANZ,Prudential Financial,1078,Finance,Enterprise,Support,EZEIL0N3ZR,3.808,1,0.2,1.2376
6557,APJ-2020-137092,10/20/2020,20201020,Australia,APJ,ANZ,Prudential Financial,1078,Finance,Enterprise,ContactMatcher,7C6N8UDUJU,8.682,1,0.8,-14.7594
6558,APJ-2020-137092,10/20/2020,20201020,Australia,APJ,ANZ,Prudential Financial,1078,Finance,Enterprise,FinanceHub,XXH1P264YD,24.424,1,0.2,7.9378
1889,AMER-2020-142587,10/21/2020,20201021,Mexico,AMER,LATAM,Intel,1051,Tech,SMB,OneView,7X7NKJXMY8,121.792,4,0.2,13.7016
1890,AMER-2020-142587,10/21/2020,20201021,Mexico,AMER,LATAM,Intel,1051,Tech,SMB,ContactMatcher,VKVJ77IHYB,409.59,3,0.4,-122.877
6299,AMER-2020-169852,10/21/2020,20201021,United States,AMER,NAMER,Pfizer,1074,Healthcare,Strategic,ContactMatcher,HAMTIQL4JK,36.36,3,0.2,12.2715
7572,EMEA-2020-100916,10/21/2020,20201021,Spain,EMEA,EU-WEST,CVS Health,1026,Retail,Strategic,Marketing Suite - Gold,8KA5G8VOM5,194.7,5,0,9.735
7573,EMEA-2020-100916,10/21/2020,20201021,Spain,EMEA,EU-WEST,CVS Health,1026,Retail,Strategic,ContactMatcher,BL96WNBXH5,591.32,4,0,112.3508
7574,EMEA-2020-100916,10/21/2020,20201021,Spain,EMEA,EU-WEST,CVS Health,1026,Retail,Strategic,ChatBot Plugin,KWGF9Z5GGB,2.84,1,0,0.8804
147,AMER-2020-110072,10/22/2020,20201022,Mexico,AMER,LATAM,Toyota Motor,1087,Manufacturing,Enterprise,SaaS Connector Pack,BHODKJ9L3G,93.888,4,0.2,12.9096
7665,EMEA-2020-151967,10/22/2020,20201022,Czech Republic,EMEA,EU-EAST,CVS Health,1026,Retail,Strategic,SaaS Connector Pack,K39FHSRTW8,129.92,4,0,10.3936
2530,EMEA-2020-108707,10/24/2020,20201024,Germany,EMEA,EU-WEST,Volkswagen,1046,Manufacturing,Enterprise,Support,YZ13OJ8EH2,10.368,2,0.2,3.6288
3008,AMER-2020-130729,10/24/2020,20201024,United States,AMER,NAMER,Comcast,1022,Communications,SMB,ContactMatcher,MQSFX0L2IN,34.272,3,0.2,11.1384
3745,AMER-2020-113047,10/24/2020,20201024,Colombia,AMER,LATAM,AT&T,1010,Communications,SMB,Storage,RJ8HAZF7SK,11.85,3,0,3.792
6129,AMER-2020-158400,10/25/2020,20201025,United States,AMER,NAMER,Abbott Laboratories,1001,Healthcare,Strategic,ContactMatcher,7KKRVF9LNR,49.408,4,0.2,18.528
7709,EMEA-2020-139542,10/25/2020,20201025,France,EMEA,EU-WEST,Aetna,1002,Healthcare,SMB,Data Smasher,8VGG29FHAX,40.776,3,0.2,0.5097
7710,EMEA-2020-139542,10/25/2020,20201025,France,EMEA,EU-WEST,Aetna,1002,Healthcare,SMB,ContactMatcher,UG32MIBEVR,13.698,3,0.7,-9.5886
4305,AMER-2020-162278,10/26/2020,20201026,Canada,AMER,NAMER,Fannie Mae,1035,Finance,SMB,SaaS Connector Pack,QHEPZ8JQI4,63.92,4,0,3.196
4306,AMER-2020-162278,10/26/2020,20201026,Canada,AMER,NAMER,Fannie Mae,1035,Finance,SMB,Site Analytics,IF2KPNAZ58,383.96,5,0.2,38.396
9418,EMEA-2020-148285,10/27/2020,20201027,Sweden,EMEA,NOR,Kroger,1057,Retail,Enterprise,Support,KO6WJ6GXYF,10.368,2,0.2,3.6288
9419,EMEA-2020-148285,10/27/2020,20201027,Sweden,EMEA,NOR,Kroger,1057,Retail,Enterprise,Support,0KJJAB1FV3,11.952,3,0.2,4.0338
3843,AMER-2020-101931,10/28/2020,20201028,United States,AMER,NAMER,Phillips 66,1056,Energy,Strategic,ContactMatcher,5GXCZUHVYL,7.184,2,0.2,2.245
3844,AMER-2020-101931,10/28/2020,20201028,United States,AMER,NAMER,Phillips 66,1056,Energy,Strategic,Support,AM9OXWPZDS,6.28,2,0,0.0628
3845,AMER-2020-101931,10/28/2020,20201028,United States,AMER,NAMER,Phillips 66,1056,Energy,Strategic,Support,K1SO5AHJYM,480.74,2,0,14.4222
3846,AMER-2020-101931,10/28/2020,20201028,United States,AMER,NAMER,Phillips 66,1056,Energy,Strategic,Marketing Suite,79AH0U3KCB,616.998,6,0.15,-36.294
3847,AMER-2020-101931,10/28/2020,20201028,United States,AMER,NAMER,Phillips 66,1056,Energy,Strategic,Marketing Suite - Gold,G24RUR3MGB,141.4,5,0,38.178
7371,APJ-2020-107769,10/28/2020,20201028,Indonesia,APJ,APAC,Philip Morris International,1075,Consumer Products,Strategic,Site Analytics,HRT3PHBEEQ,257.98,2,0,74.8142
488,APJ-2020-154627,10/29/2020,20201029,Australia,APJ,ANZ,Chevron,1017,Energy,SMB,Site Analytics,CCMVNRNK50,2735.952,6,0.2,341.994
9546,APJ-2020-166590,10/29/2020,20201029,India,APJ,IND,Berkshire Hathaway,1012,Finance,Strategic,Data Smasher,UI6RVT49SV,1.98,2,0,0.891
9547,APJ-2020-166590,10/29/2020,20201029,India,APJ,IND,Berkshire Hathaway,1012,Finance,Strategic,Support,I0AP443V0S,75.88,2,0,35.6636
2060,AMER-2020-106439,10/31/2020,20201031,United States,AMER,NAMER,Gazprom,1027,Energy,Strategic,Storage,PIS9Y56ZO7,11.34,3,0,5.2164
2061,AMER-2020-106439,10/31/2020,20201031,United States,AMER,NAMER,Gazprom,1027,Energy,Strategic,Marketing Suite - Gold,JWOIPPZ8H4,80.3,5,0,20.878
2062,AMER-2020-106439,10/31/2020,20201031,United States,AMER,NAMER,Gazprom,1027,Energy,Strategic,ContactMatcher,IERM840RDI,15.968,2,0.2,5.3892
2063,AMER-2020-106439,10/31/2020,20201031,United States,AMER,NAMER,Gazprom,1027,Energy,Strategic,Support,K2J5MVCIXU,64.74,13,0,30.4278
2064,AMER-2020-106439,10/31/2020,20201031,United States,AMER,NAMER,Gazprom,1027,Energy,Strategic,ContactMatcher,YC0MI6COPU,19.296,3,0.2,6.03
2065,AMER-2020-106439,10/31/2020,20201031,United States,AMER,NAMER,Gazprom,1027,Energy,Strategic,Marketing Suite - Gold,4ME1QFDPO5,405.64,4,0,12.1692
2066,AMER-2020-106439,10/31/2020,20201031,United States,AMER,NAMER,Gazprom,1027,Energy,Strategic,FinanceHub,SDYP6F0YCF,146.352,3,0.2,-9.147
2067,AMER-2020-106439,10/31/2020,20201031,United States,AMER,NAMER,Gazprom,1027,Energy,Strategic,Data Smasher,4O0XV4I9BM,251.91,9,0,47.8629
2068,AMER-2020-106439,10/31/2020,20201031,United States,AMER,NAMER,Gazprom,1027,Energy,Strategic,ChatBot Plugin,3PWKC34PWR,12.39,3,0,3.717
4204,EMEA-2020-145387,10/31/2020,20201031,Norway,EMEA,NOR,PepsiCo,1073,Consumer Products,SMB,ChatBot Plugin,AY7YANWG2T,49.25,5,0,18.715
4205,EMEA-2020-145387,10/31/2020,20201031,Norway,EMEA,NOR,PepsiCo,1073,Consumer Products,SMB,Support,R90014X9W7,10.16,2,0,4.7752
4206,EMEA-2020-145387,10/31/2020,20201031,Norway,EMEA,NOR,PepsiCo,1073,Consumer Products,SMB,SaaS Connector Pack,PPC4KT3HO5,14.76,2,0,4.2804
4207,EMEA-2020-145387,10/31/2020,20201031,Norway,EMEA,NOR,PepsiCo,1073,Consumer Products,SMB,ContactMatcher,OF8QKDXXYK,34.08,2,0,15.6768
4208,EMEA-2020-145387,10/31/2020,20201031,Norway,EMEA,NOR,PepsiCo,1073,Consumer Products,SMB,SaaS Connector Pack,JF93K1KGHZ,17.67,3,0,7.7748
4209,EMEA-2020-145387,10/31/2020,20201031,Norway,EMEA,NOR,PepsiCo,1073,Consumer Products,SMB,FinanceHub,8X85FZ1ZKW,1604.9,5,0,481.47
4210,EMEA-2020-145387,10/31/2020,20201031,Norway,EMEA,NOR,PepsiCo,1073,Consumer Products,SMB,ContactMatcher,DAMXU5UN70,385.686,1,0.3,-60.6078
4772,AMER-2020-167262,10/31/2020,20201031,Chile,AMER,LATAM,Allstate,1003,Finance,SMB,Site Analytics,PFQFZP8U6G,742.336,8,0.2,83.5128
6640,AMER-2020-108609,10/31/2020,20201031,Mexico,AMER,LATAM,Airbus,1030,Manufacturing,Strategic,ContactMatcher,BMQFOPNH2H,1421.664,8,0.4,-734.5264
8304,AMER-2020-120313,10/31/2020,20201031,United States,AMER,NAMER,Johnson & Johnson,1055,Healthcare,Enterprise,Site Analytics,F9IT1JO2BA,73.584,2,0.2,8.2782
806,EMEA-2020-134313,11/1/2020,20201101,Russia,EMEA,EU-EAST,Sony,1028,Tech,SMB,ChatBot Plugin,A3V0X8216P,43.176,3,0.2,4.3176
807,EMEA-2020-134313,11/1/2020,20201101,Russia,EMEA,EU-EAST,Sony,1028,Tech,SMB,Site Analytics,2S3OIOFEUY,1983.968,4,0.2,247.996
2832,EMEA-2020-148915,11/1/2020,20201101,Belgium,EMEA,EU-WEST,Airbus,1030,Manufacturing,SMB,Marketing Suite - Gold,NGOQ8R6O6Q,443.92,5,0.2,-94.333
2833,EMEA-2020-148915,11/1/2020,20201101,Belgium,EMEA,EU-WEST,Airbus,1030,Manufacturing,SMB,Site Analytics,TC6LDQHDHX,155.976,3,0.2,54.5916
4066,EMEA-2020-102673,11/1/2020,20201101,Sweden,EMEA,NOR,Phillips 66,1056,Energy,Strategic,Storage,KV2A0W9UG2,7.52,5,0.2,1.41
4067,EMEA-2020-102673,11/1/2020,20201101,Sweden,EMEA,NOR,Phillips 66,1056,Energy,Strategic,ChatBot Plugin,EO2SXNRBUA,10.272,3,0.2,0.8988
4068,EMEA-2020-102673,11/1/2020,20201101,Sweden,EMEA,NOR,Phillips 66,1056,Energy,Strategic,FinanceHub,HRF7M5WXFZ,47.808,12,0.2,15.5376
4069,EMEA-2020-102673,11/1/2020,20201101,Sweden,EMEA,NOR,Phillips 66,1056,Energy,Strategic,Site Analytics,01AB3N8VIT,978.84,9,0.2,110.1195
4159,APJ-2020-126907,11/1/2020,20201101,Australia,APJ,ANZ,Sony,1028,Tech,Strategic,Support,XSLT0QRN74,15.696,3,0.2,5.1012
4828,EMEA-2020-152562,11/1/2020,20201101,Ireland,EMEA,UKIR,Exxon Mobil,1034,Energy,Strategic,Marketing Suite - Gold,5JGMQAVJG2,69.52,2,0,19.4656
4829,EMEA-2020-152562,11/1/2020,20201101,Ireland,EMEA,UKIR,Exxon Mobil,1034,Energy,Strategic,ChatBot Plugin,OH6ZXT6Q7T,5.64,3,0,1.6356
5896,AMER-2020-168305,11/1/2020,20201101,United States,AMER,NAMER,Valero Energy,1093,Energy,Enterprise,FinanceHub,A43S20EG0C,44.4,3,0,22.2
5897,AMER-2020-168305,11/1/2020,20201101,United States,AMER,NAMER,Valero Energy,1093,Energy,Enterprise,Support,OZUYCDYQFA,21.4,5,0,9.63
7559,EMEA-2020-137155,11/1/2020,20201101,United Kingdom,EMEA,UKIR,State Farm Insurance Cos.,1082,Finance,SMB,OneView,CZ3DUFY9UV,533.94,3,0,154.8426
7560,EMEA-2020-137155,11/1/2020,20201101,United Kingdom,EMEA,UKIR,State Farm Insurance Cos.,1082,Finance,SMB,Support,11C9L1BOPT,167.94,3,0,82.2906
7561,EMEA-2020-137155,11/1/2020,20201101,United Kingdom,EMEA,UKIR,State Farm Insurance Cos.,1082,Finance,SMB,SaaS Connector Pack,FTQJDS3ES1,31.68,6,0,9.8208
8389,AMER-2020-139423,11/1/2020,20201101,Argentina,AMER,LATAM,McKesson,1063,Consumer Products,Strategic,OneView,DQQVPI7MOW,76.12,2,0,22.0748
9869,AMER-2020-114195,11/1/2020,20201101,Mexico,AMER,LATAM,Carrefour,1048,Retail,Strategic,SaaS Connector Pack,VYUFWNKBAP,68.704,2,0.2,16.3172
9870,AMER-2020-114195,11/1/2020,20201101,Mexico,AMER,LATAM,Carrefour,1048,Retail,Strategic,ContactMatcher,3RRV1BZ0BV,3.132,2,0.7,-2.61
9871,AMER-2020-114195,11/1/2020,20201101,Mexico,AMER,LATAM,Carrefour,1048,Retail,Strategic,ContactMatcher,30UO6KU6SK,22.428,3,0.7,-17.9424
4524,EMEA-2020-107454,11/2/2020,20201102,United Kingdom,EMEA,UKIR,Goldman Sachs Group,1042,Finance,SMB,FinanceHub,MNMSPII232,34.86,7,0,16.0356
4525,EMEA-2020-107454,11/2/2020,20201102,United Kingdom,EMEA,UKIR,Goldman Sachs Group,1042,Finance,SMB,SaaS Connector Pack,7GKDT55GNH,89.34,6,0,24.1218
6228,APJ-2020-148782,11/2/2020,20201102,Japan,APJ,JAPN,Pfizer,1074,Healthcare,SMB,Site Analytics,EM0TXP33A3,88.776,3,0.2,7.7679
6502,AMER-2020-129147,11/2/2020,20201102,Mexico,AMER,LATAM,Lukoil,1044,Energy,SMB,Site Analytics,V6XTEOHIES,539.964,6,0.4,-107.9928
6503,AMER-2020-129147,11/2/2020,20201102,Mexico,AMER,LATAM,Lukoil,1044,Energy,SMB,Site Analytics,3YMAZI0D8T,50.232,7,0.4,-10.0464
6504,AMER-2020-129147,11/2/2020,20201102,Mexico,AMER,LATAM,Lukoil,1044,Energy,SMB,ContactMatcher,4VWTH5NBM3,19.242,3,0.7,-13.4694
7277,EMEA-2020-120670,11/2/2020,20201102,Germany,EMEA,EU-WEST,Huawei,1086,Tech,Enterprise,Data Smasher,XWECHPW21J,799.92,10,0.2,239.976
7507,AMER-2020-115889,11/2/2020,20201102,United States,AMER,NAMER,Bosch,1076,Tech,SMB,Site Analytics,PE0V8477UX,46.384,2,0.2,5.2182
7508,AMER-2020-115889,11/2/2020,20201102,United States,AMER,NAMER,Bosch,1076,Tech,SMB,Marketing Suite - Gold,5SUA4N5X7C,362.92,2,0,105.2468
7577,AMER-2020-134726,11/2/2020,20201102,Canada,AMER,NAMER,Pemex,1058,Energy,Strategic,Data Smasher,8ULLQRNAWN,41.94,2,0,15.0984
7578,AMER-2020-134726,11/2/2020,20201102,Canada,AMER,NAMER,Pemex,1058,Energy,Strategic,Site Analytics,KWJI7J8XTL,52.792,1,0.2,4.6193
3991,EMEA-2020-137589,11/3/2020,20201103,France,EMEA,EU-WEST,Ford Motor,1009,Manufacturing,SMB,Support,S9NVUXJZCN,286.344,3,0.2,-64.4274
4759,EMEA-2020-121573,11/3/2020,20201103,United Kingdom,EMEA,UKIR,Nissan Motor,1098,Transportation,SMB,Site Analytics,L9BVDB9IPX,783.96,4,0,219.5088
4760,EMEA-2020-121573,11/3/2020,20201103,United Kingdom,EMEA,UKIR,Nissan Motor,1098,Transportation,SMB,ContactMatcher,ZHMQBVI7OJ,48.896,2,0.2,18.336
4761,EMEA-2020-121573,11/3/2020,20201103,United Kingdom,EMEA,UKIR,Nissan Motor,1098,Transportation,SMB,ContactMatcher,E97C8KADER,7.856,2,0.2,2.8478
5706,EMEA-2020-155593,11/3/2020,20201103,Saudi Arabia,EMEA,MEA,Tyson Foods,1088,Consumer Products,SMB,Support,SMMF4R7VS2,11.64,3,0,3.3756
6266,EMEA-2020-146731,11/3/2020,20201103,South Africa,EMEA,MEA,Home Depot,1047,Retail,SMB,Support,JLBWD379C9,3.488,2,0.2,1.1772
6267,EMEA-2020-146731,11/3/2020,20201103,South Africa,EMEA,MEA,Home Depot,1047,Retail,SMB,Support,6OA3XNA0RW,143.856,9,0.2,48.5514
6430,EMEA-2020-165764,11/3/2020,20201103,Sweden,EMEA,NOR,Bosch,1076,Tech,SMB,Marketing Suite - Gold,DCWEKCGLJV,25.984,2,0.2,-1.624
6431,EMEA-2020-165764,11/3/2020,20201103,Sweden,EMEA,NOR,Bosch,1076,Tech,SMB,ContactMatcher,Y88R8CDZ2O,945.036,6,0.4,-299.2614
6432,EMEA-2020-165764,11/3/2020,20201103,Sweden,EMEA,NOR,Bosch,1076,Tech,SMB,ContactMatcher,4LT7M0FRCK,14.301,7,0.7,-10.4874
6433,EMEA-2020-165764,11/3/2020,20201103,Sweden,EMEA,NOR,Bosch,1076,Tech,SMB,SaaS Connector Pack,DWPVM3NG3W,410.352,3,0.2,-51.294
8979,AMER-2020-119529,11/3/2020,20201103,Argentina,AMER,LATAM,Walt Disney,1097,Communications,Strategic,ContactMatcher,4Y3NW7XY6C,5.76,2,0,2.8224
9078,AMER-2020-124625,11/3/2020,20201103,Costa Rica,AMER,LATAM,Engie,1062,Energy,Strategic,Data Smasher,S9J0AOCDO2,89.97,3,0,18.8937
9229,AMER-2020-153619,11/3/2020,20201103,United States,AMER,NAMER,Boeing,1014,Manufacturing,Enterprise,ChatBot Plugin,OHUAI094SZ,6.72,4,0,3.36
318,EMEA-2020-164973,11/4/2020,20201104,United Kingdom,EMEA,UKIR,Itochu,1032,Finance,Enterprise,FinanceHub,SGO17QHOV4,135.882,1,0.1,24.1568
319,EMEA-2020-164973,11/4/2020,20201104,United Kingdom,EMEA,UKIR,Itochu,1032,Finance,Enterprise,Big Ol Database,57XCK34LAA,3991.98,2,0,1995.99
320,EMEA-2020-164973,11/4/2020,20201104,United Kingdom,EMEA,UKIR,Itochu,1032,Finance,Enterprise,Site Analytics,XBR8ZMQ7AU,275.94,6,0,80.0226
321,EMEA-2020-164973,11/4/2020,20201104,United Kingdom,EMEA,UKIR,Itochu,1032,Finance,Enterprise,Data Smasher,RIKDGVA8MK,360,4,0,129.6
322,EMEA-2020-164973,11/4/2020,20201104,United Kingdom,EMEA,UKIR,Itochu,1032,Finance,Enterprise,Marketing Suite - Gold,3LEQNZH3I0,43.57,1,0,13.071
2721,EMEA-2020-121286,11/4/2020,20201104,Sweden,EMEA,NOR,Sony,1028,Tech,Strategic,Storage,46WANPMN4C,8.376,3,0.2,2.7222
2722,EMEA-2020-121286,11/4/2020,20201104,Sweden,EMEA,NOR,Sony,1028,Tech,Strategic,OneView,EU9OF6ZDPU,58.24,5,0.2,5.096
2743,AMER-2020-149244,11/4/2020,20201104,United States,AMER,NAMER,Exxon Mobil,1034,Energy,SMB,SaaS Connector Pack,HUXO1CWZ17,35.34,2,0,13.4292
4309,AMER-2020-125829,11/4/2020,20201104,United States,AMER,NAMER,ConocoPhillips,1024,Energy,SMB,Site Analytics,BIIG06JB8Y,666.344,7,0.2,66.6344
4310,AMER-2020-125829,11/4/2020,20201104,United States,AMER,NAMER,ConocoPhillips,1024,Energy,SMB,ContactMatcher,1C17GG4VD2,573.728,4,0.2,-64.5444
4311,AMER-2020-125829,11/4/2020,20201104,United States,AMER,NAMER,ConocoPhillips,1024,Energy,SMB,ContactMatcher,HINI8PEJZC,21.936,3,0.2,8.226
4312,AMER-2020-125829,11/4/2020,20201104,United States,AMER,NAMER,ConocoPhillips,1024,Energy,SMB,Support,CUPSQ9ATYI,19.44,3,0,9.3312
4313,AMER-2020-125829,11/4/2020,20201104,United States,AMER,NAMER,ConocoPhillips,1024,Energy,SMB,Big Ol Database,RQLXFI15MD,447.968,4,0.2,139.99
4996,EMEA-2020-132227,11/4/2020,20201104,United Kingdom,EMEA,UKIR,State Farm Insurance Cos.,1082,Finance,Enterprise,ContactMatcher,H5PIKUFZPL,52.064,4,0.2,18.8732
5654,AMER-2020-134187,11/4/2020,20201104,United States,AMER,NAMER,Huawei,1086,Tech,Strategic,ChatBot Plugin,DMNIMO9AFG,2.94,1,0,0.7938
6684,AMER-2020-109134,11/5/2020,20201105,United States,AMER,NAMER,Alphabet,1053,Tech,Enterprise,SaaS Connector Pack,MVTX7ILO7F,20.04,6,0,8.8176
8683,EMEA-2020-133634,11/5/2020,20201105,Spain,EMEA,EU-WEST,United Parcel Service,1090,Transportation,Enterprise,Data Smasher,DDS5FOUVPR,47.79,3,0,16.2486
9711,EMEA-2020-114251,11/5/2020,20201105,France,EMEA,EU-WEST,Nestle,1089,Consumer Products,SMB,SaaS Connector Pack,17UAO7QFPL,273.568,2,0.2,-34.196
9712,EMEA-2020-114251,11/5/2020,20201105,France,EMEA,EU-WEST,Nestle,1089,Consumer Products,SMB,ContactMatcher,H1LHB70PRR,13.194,2,0.7,-8.796
9713,EMEA-2020-114251,11/5/2020,20201105,France,EMEA,EU-WEST,Nestle,1089,Consumer Products,SMB,Marketing Suite - Gold,9CLY0IMVLS,1080.096,6,0.2,-94.5084
9714,EMEA-2020-114251,11/5/2020,20201105,France,EMEA,EU-WEST,Nestle,1089,Consumer Products,SMB,Data Smasher,SCICQQEZ5C,51.56,5,0.2,-6.445
9715,EMEA-2020-114251,11/5/2020,20201105,France,EMEA,EU-WEST,Nestle,1089,Consumer Products,SMB,Data Smasher,XV2Z6GMS2R,58.416,2,0.2,16.7946
9787,EMEA-2020-114377,11/5/2020,20201105,Spain,EMEA,EU-WEST,Toyota Motor,1087,Manufacturing,SMB,FinanceHub,UZMISAS0DI,149.9,5,0,40.473
9857,EMEA-2020-120950,11/6/2020,20201106,Finland,EMEA,NOR,FedEx,1036,Transportation,SMB,Support,Q85E6M9ZWN,43.68,6,0,20.9664
3186,APJ-2020-123498,11/7/2020,20201107,Japan,APJ,JAPN,Coca-Cola,1021,Consumer Products,Strategic,ContactMatcher,R6Z58L7PXF,26.046,3,0.8,-44.2782
3187,APJ-2020-123498,11/7/2020,20201107,Japan,APJ,JAPN,Coca-Cola,1021,Consumer Products,Strategic,SaaS Connector Pack - Gold,UY5UK86A4M,74.352,3,0.2,26.9526
4729,AMER-2020-123323,11/7/2020,20201107,United States,AMER,NAMER,Bank of America Corp.,1011,Finance,SMB,ContactMatcher,IK687OMES7,123.144,7,0.2,46.179
4781,APJ-2020-159310,11/7/2020,20201107,Japan,APJ,JAPN,Aetna,1002,Healthcare,SMB,FinanceHub,TGTL53VEN8,683.144,4,0.3,0
4782,APJ-2020-159310,11/7/2020,20201107,Japan,APJ,JAPN,Aetna,1002,Healthcare,SMB,ContactMatcher,HI3A11QFN9,1.476,3,0.8,-2.214
4783,APJ-2020-159310,11/7/2020,20201107,Japan,APJ,JAPN,Aetna,1002,Healthcare,SMB,Support,6C91GRNTYO,40.712,7,0.2,3.5623
4831,EMEA-2020-120278,11/7/2020,20201107,Italy,EMEA,EU,Tyson Foods,1088,Consumer Products,SMB,OneView,3GHZCWZU0Z,245.88,6,0,68.8464
4832,EMEA-2020-120278,11/7/2020,20201107,Italy,EMEA,EU,Tyson Foods,1088,Consumer Products,SMB,Marketing Suite - Gold,FSXN0Z41FB,36.63,3,0,9.8901
4833,EMEA-2020-120278,11/7/2020,20201107,Italy,EMEA,EU,Tyson Foods,1088,Consumer Products,SMB,Marketing Suite - Gold,K2SZEUKS10,22.58,2,0,5.8708
4834,EMEA-2020-120278,11/7/2020,20201107,Italy,EMEA,EU,Tyson Foods,1088,Consumer Products,SMB,ContactMatcher,HD31LVE4X8,12.39,3,0,5.8233
6981,EMEA-2020-146990,11/7/2020,20201107,United Kingdom,EMEA,UKIR,Mitsubishi,1050,Manufacturing,Strategic,Storage,0969IR5ZNQ,5.92,4,0,2.8416
6982,EMEA-2020-146990,11/7/2020,20201107,United Kingdom,EMEA,UKIR,Mitsubishi,1050,Manufacturing,Strategic,Support,K44MGQB9SR,30.18,3,0,13.8828
9810,EMEA-2020-139640,11/7/2020,20201107,Belgium,EMEA,EU-WEST,Nissan Motor,1098,Transportation,SMB,Support,BXG754B9J8,25.92,5,0.2,9.072
9811,EMEA-2020-139640,11/7/2020,20201107,Belgium,EMEA,EU-WEST,Nissan Motor,1098,Transportation,SMB,ChatBot Plugin,VWLAFO1GDX,120.768,4,0.2,9.0576
5766,AMER-2020-126340,11/8/2020,20201108,United States,AMER,NAMER,McKesson,1063,Consumer Products,SMB,Site Analytics,RRL1K4M19C,333.576,3,0.2,25.0182
472,AMER-2020-144666,11/9/2020,20201109,United States,AMER,NAMER,UnitedHealth Group,1092,Healthcare,SMB,Marketing Suite - Gold,HVTQST31SQ,340.92,3,0,3.4092
473,AMER-2020-144666,11/9/2020,20201109,United States,AMER,NAMER,UnitedHealth Group,1092,Healthcare,SMB,Marketing Suite,053FQGSSSZ,222.666,2,0.15,10.4784
474,AMER-2020-144666,11/9/2020,20201109,United States,AMER,NAMER,UnitedHealth Group,1092,Healthcare,SMB,Site Analytics,4O2IR9MYMV,703.968,4,0.2,87.996
475,AMER-2020-144666,11/9/2020,20201109,United States,AMER,NAMER,UnitedHealth Group,1092,Healthcare,SMB,Marketing Suite - Gold,YKP1SWMKRJ,92.52,6,0,24.9804
476,AMER-2020-144666,11/9/2020,20201109,United States,AMER,NAMER,UnitedHealth Group,1092,Healthcare,SMB,Support,WRZ1TRZRR3,62.65,7,0,28.819
477,AMER-2020-144666,11/9/2020,20201109,United States,AMER,NAMER,UnitedHealth Group,1092,Healthcare,SMB,Support,23LE48CR36,94.85,5,0,45.528
8138,EMEA-2020-103219,11/9/2020,20201109,United Kingdom,EMEA,UKIR,HonHai Precision Industry,1033,Tech,Enterprise,SaaS Connector Pack,R4PIGTBTOW,56.52,9,0,21.4776
3203,AMER-2020-158372,11/10/2020,20201110,United States,AMER,NAMER,Mondelez International,1067,Consumer Products,SMB,Site Analytics,46YV79A3HL,601.536,8,0.2,60.1536
3204,AMER-2020-158372,11/10/2020,20201110,United States,AMER,NAMER,Mondelez International,1067,Consumer Products,SMB,Data Smasher,L8ZG2W5YKF,10.99,1,0,4.2861
3205,AMER-2020-158372,11/10/2020,20201110,United States,AMER,NAMER,Mondelez International,1067,Consumer Products,SMB,SaaS Connector Pack,BTK9H4UYVG,39.88,2,0,11.1664
3206,AMER-2020-158372,11/10/2020,20201110,United States,AMER,NAMER,Mondelez International,1067,Consumer Products,SMB,Support,CNJZBYAFLH,62.24,8,0,28.008
3207,AMER-2020-158372,11/10/2020,20201110,United States,AMER,NAMER,Mondelez International,1067,Consumer Products,SMB,SaaS Connector Pack,4JVTHLCQR7,53.2,5,0,14.896
3208,AMER-2020-158372,11/10/2020,20201110,United States,AMER,NAMER,Mondelez International,1067,Consumer Products,SMB,FinanceHub,BEG7PT6FUS,39.84,8,0,18.3264
5165,AMER-2020-121006,11/10/2020,20201110,Brazil,AMER,LATAM,ConocoPhillips,1024,Energy,SMB,ChatBot Plugin,UI31YATZHV,3.9,2,0,1.521
5166,AMER-2020-121006,11/10/2020,20201110,Brazil,AMER,LATAM,ConocoPhillips,1024,Energy,SMB,Support,T0A53AM0MG,12.84,3,0,5.778
5167,AMER-2020-121006,11/10/2020,20201110,Brazil,AMER,LATAM,ConocoPhillips,1024,Energy,SMB,Support,NGY573JKLH,15.84,3,0,7.128
5168,AMER-2020-121006,11/10/2020,20201110,Brazil,AMER,LATAM,ConocoPhillips,1024,Energy,SMB,FinanceHub,85LAA1BYL1,563.94,3,0,112.788
5169,AMER-2020-121006,11/10/2020,20201110,Brazil,AMER,LATAM,ConocoPhillips,1024,Energy,SMB,Marketing Suite - Gold,04TSOOHKP8,62.94,3,0,11.9586
5170,AMER-2020-121006,11/10/2020,20201110,Brazil,AMER,LATAM,ConocoPhillips,1024,Energy,SMB,Marketing Suite - Gold,11MI1X5TZ3,535.41,3,0,160.623
17,EMEA-2020-105893,11/11/2020,20201111,Italy,EMEA,EU,Toyota Motor,1087,Manufacturing,SMB,Marketing Suite - Gold,K5XHYWZ1OV,665.88,6,0,13.3176
982,EMEA-2020-163419,11/11/2020,20201111,Russia,EMEA,EU-EAST,Tesco,1059,Retail,SMB,ChatBot Plugin,1PUI3HFJH6,3.392,1,0.2,0.8056
983,EMEA-2020-163419,11/11/2020,20201111,Russia,EMEA,EU-EAST,Tesco,1059,Retail,SMB,Site Analytics,R0OR88Q6QM,559.984,2,0.2,55.9984
984,EMEA-2020-163419,11/11/2020,20201111,Russia,EMEA,EU-EAST,Tesco,1059,Retail,SMB,FinanceHub,HA32TN4LOZ,603.92,5,0.2,75.49
3325,APJ-2020-165309,11/11/2020,20201111,Japan,APJ,JAPN,Fannie Mae,1035,Finance,SMB,ContactMatcher,IKWETLQR08,896.99,5,0.8,-1480.0335
3326,APJ-2020-165309,11/11/2020,20201111,Japan,APJ,JAPN,Fannie Mae,1035,Finance,SMB,ContactMatcher,JTBJ4GT3FU,1.234,1,0.8,-1.9744
3327,APJ-2020-165309,11/11/2020,20201111,Japan,APJ,JAPN,Fannie Mae,1035,Finance,SMB,ChatBot Plugin,2T800P8NPO,67.56,3,0.2,6.756
3328,APJ-2020-165309,11/11/2020,20201111,Japan,APJ,JAPN,Fannie Mae,1035,Finance,SMB,Support,NLEFP7UYYG,21.72,5,0.2,7.8735
3329,APJ-2020-165309,11/11/2020,20201111,Japan,APJ,JAPN,Fannie Mae,1035,Finance,SMB,Support,14NKIDYT7U,262.336,8,0.2,95.0968
3330,APJ-2020-165309,11/11/2020,20201111,Japan,APJ,JAPN,Fannie Mae,1035,Finance,SMB,Site Analytics,LP0ETE4DU1,148.48,2,0.2,16.704
3331,APJ-2020-165309,11/11/2020,20201111,Japan,APJ,JAPN,Fannie Mae,1035,Finance,SMB,Site Analytics,VOORDMTK4X,241.176,3,0.2,15.0735
5779,AMER-2020-105270,11/11/2020,20201111,United States,AMER,NAMER,AT&T,1010,Communications,SMB,ChatBot Plugin,4U36TFX09D,30.48,3,0,7.9248
5780,AMER-2020-105270,11/11/2020,20201111,United States,AMER,NAMER,AT&T,1010,Communications,SMB,FinanceHub,TMQVRTE9G9,112.648,1,0.2,11.2648
5955,EMEA-2020-155796,11/11/2020,20201111,France,EMEA,EU-WEST,PepsiCo,1073,Consumer Products,Strategic,SaaS Connector Pack,PZ29UITPZ2,23.968,2,0.2,7.7896
5956,EMEA-2020-155796,11/11/2020,20201111,France,EMEA,EU-WEST,PepsiCo,1073,Consumer Products,Strategic,Marketing Suite,R5FX9K38K6,521.96,4,0.5,-250.5408
5962,AMER-2020-140732,11/11/2020,20201111,United States,AMER,NAMER,Glencore,1083,Misc,Enterprise,Site Analytics,XRZ6TZUT2P,575.928,9,0.2,57.5928
5963,AMER-2020-140732,11/11/2020,20201111,United States,AMER,NAMER,Glencore,1083,Misc,Enterprise,OneView,3SPXM3BUT6,7.78,2,0,2.0228
5964,AMER-2020-140732,11/11/2020,20201111,United States,AMER,NAMER,Glencore,1083,Misc,Enterprise,Support,WXGS19VG5A,123.92,4,0,55.764
9614,AMER-2020-128524,11/11/2020,20201111,Canada,AMER,NAMER,Allstate,1003,Finance,Strategic,OneView,XVUHFCI7VE,22.98,1,0,6.894
9615,AMER-2020-128524,11/11/2020,20201111,Canada,AMER,NAMER,Allstate,1003,Finance,Strategic,Data Smasher,XLBG570F9B,102.13,7,0,15.3195
9616,AMER-2020-128524,11/11/2020,20201111,Canada,AMER,NAMER,Allstate,1003,Finance,Strategic,ContactMatcher,7ODY6QJZ2Z,2033.584,2,0.2,762.594
9748,APJ-2020-140914,11/11/2020,20201111,Australia,APJ,ANZ,BNP Paribas,1065,Finance,SMB,SaaS Connector Pack,335UN0JQCF,10.984,2,0.6,-7.9634
9749,APJ-2020-140914,11/11/2020,20201111,Australia,APJ,ANZ,BNP Paribas,1065,Finance,SMB,FinanceHub,TK701AISOT,797.944,4,0.3,-56.996
9957,EMEA-2020-143287,11/11/2020,20201111,United Kingdom,EMEA,UKIR,Intel,1051,Tech,Enterprise,Support,ST41YO2JD6,46.35,5,0,21.7845
9958,EMEA-2020-143287,11/11/2020,20201111,United Kingdom,EMEA,UKIR,Intel,1051,Tech,Enterprise,Support,Y7P04IW9QA,223.92,4,0,109.7208
9959,EMEA-2020-143287,11/11/2020,20201111,United Kingdom,EMEA,UKIR,Intel,1051,Tech,Enterprise,Support,VPEVVXL9TA,7.3,2,0,2.19
1863,APJ-2020-151078,11/12/2020,20201112,Japan,APJ,JAPN,J.P. Morgan Chase & Co.,1054,Finance,SMB,Marketing Suite - Gold,QTMT4TS7IN,49.632,4,0.2,4.9632
2413,AMER-2020-151295,11/12/2020,20201112,United States,AMER,NAMER,AmerisourceBergen,1007,Healthcare,SMB,Support,3P30GCKAQR,11.96,2,0,5.8604
2414,AMER-2020-151295,11/12/2020,20201112,United States,AMER,NAMER,AmerisourceBergen,1007,Healthcare,SMB,ContactMatcher,WK85AMST2Y,629.064,3,0.2,31.4532
3966,EMEA-2020-164910,11/12/2020,20201112,Sweden,EMEA,NOR,Walt Disney,1097,Communications,Strategic,ChatBot Plugin,WQN33GBYRK,7.872,3,0.2,0.8856
5551,APJ-2020-159618,11/12/2020,20201112,Japan,APJ,JAPN,J.P. Morgan Chase & Co.,1054,Finance,Strategic,ChatBot Plugin,6QHXX97QY7,2.672,1,0.2,0.334
5552,APJ-2020-159618,11/12/2020,20201112,Japan,APJ,JAPN,J.P. Morgan Chase & Co.,1054,Finance,Strategic,Support,U3TL3QKANT,16.656,6,0.2,-3.123
5553,APJ-2020-159618,11/12/2020,20201112,Japan,APJ,JAPN,J.P. Morgan Chase & Co.,1054,Finance,Strategic,Data Smasher,K7ERZZXK2R,79.512,3,0.2,20.8719
5554,APJ-2020-159618,11/12/2020,20201112,Japan,APJ,JAPN,J.P. Morgan Chase & Co.,1054,Finance,Strategic,Support,WMR8JXTMSR,36.288,7,0.2,12.7008
5555,APJ-2020-159618,11/12/2020,20201112,Japan,APJ,JAPN,J.P. Morgan Chase & Co.,1054,Finance,Strategic,Marketing Suite,UBQ6QZM9JC,67.9932,1,0.32,-12.9987
9904,APJ-2020-122609,11/12/2020,20201112,Japan,APJ,JAPN,Siemens,1043,Manufacturing,SMB,SaaS Connector Pack,MUKTG0SU3Z,25.128,3,0.6,-6.9102
9905,APJ-2020-122609,11/12/2020,20201112,Japan,APJ,JAPN,Siemens,1043,Manufacturing,SMB,Data Smasher,DUQJJ8RSJ3,127.984,2,0.2,25.5968
2210,EMEA-2020-125556,11/14/2020,20201114,Saudi Arabia,EMEA,MEA,Panasonic,1091,Tech,SMB,Site Analytics,4CD95296HK,832.93,7,0,233.2204
2211,EMEA-2020-125556,11/14/2020,20201114,Saudi Arabia,EMEA,MEA,Panasonic,1091,Tech,SMB,ContactMatcher,D62L5762F1,43.8,10,0,21.024
2301,AMER-2020-162362,11/14/2020,20201114,Brazil,AMER,LATAM,Sysco,1084,Consumer Products,SMB,ContactMatcher,RS6FNOG2K5,12.72,3,0,6.36
2302,AMER-2020-162362,11/14/2020,20201114,Brazil,AMER,LATAM,Sysco,1084,Consumer Products,SMB,ContactMatcher,4DMASI6XEA,11.52,4,0,5.6448
3261,APJ-2020-151554,11/14/2020,20201114,Japan,APJ,JAPN,Lukoil,1044,Energy,Strategic,Support,WWVAISESGA,20.736,4,0.2,7.2576
4281,EMEA-2020-166989,11/14/2020,20201114,United Kingdom,EMEA,UKIR,Merck,1064,Healthcare,Enterprise,Support,6H0TZHY05B,11.36,2,0,5.2256
4282,EMEA-2020-166989,11/14/2020,20201114,United Kingdom,EMEA,UKIR,Merck,1064,Healthcare,Enterprise,FinanceHub,V7EPGVWJPF,69.264,2,0.1,14.6224
8341,EMEA-2020-161634,11/14/2020,20201114,Spain,EMEA,EU-WEST,Comcast,1022,Communications,SMB,Support,1OGN8EBKLB,32.4,5,0,15.552
2009,EMEA-2020-116407,11/15/2020,20201115,South Africa,EMEA,MEA,Prudential Financial,1078,Finance,SMB,ChatBot Plugin,6EYJS6HLCZ,4.224,3,0.2,0.4752
2010,EMEA-2020-116407,11/15/2020,20201115,South Africa,EMEA,MEA,Prudential Financial,1078,Finance,SMB,OneView,MHSRVF7WW4,333.056,2,0.2,29.1424
2011,EMEA-2020-116407,11/15/2020,20201115,South Africa,EMEA,MEA,Prudential Financial,1078,Finance,SMB,Support,DM1P0CNV3J,24.896,4,0.2,7.78
2517,APJ-2020-128888,11/15/2020,20201115,Japan,APJ,JAPN,Toyota Motor,1087,Manufacturing,SMB,SaaS Connector Pack - Gold,HWHUZXV0B9,604.656,9,0.2,204.0714
5018,AMER-2020-127558,11/15/2020,20201115,United States,AMER,NAMER,Engie,1062,Energy,SMB,SaaS Connector Pack,UZ42G0GAM7,10.11,3,0,3.2352
5019,AMER-2020-127558,11/15/2020,20201115,United States,AMER,NAMER,Engie,1062,Energy,SMB,Data Smasher,SS2FC9NZB0,772.47,3,0,146.7693
5020,AMER-2020-127558,11/15/2020,20201115,United States,AMER,NAMER,Engie,1062,Energy,SMB,Support,4JFL74D43M,20.46,2,0,5.3196
8946,AMER-2020-128622,11/15/2020,20201115,United States,AMER,NAMER,Marathon Petroleum,1061,Energy,Strategic,Support,VXHFLAW42K,10.95,3,0,3.285
3781,APJ-2020-149643,11/16/2020,20201116,Indonesia,APJ,APAC,Bank of America Corp.,1011,Finance,Enterprise,Site Analytics,TC3SDAEVFX,273.96,2,0,10.9584
4445,APJ-2020-147704,11/16/2020,20201116,India,APJ,IND,United Parcel Service,1090,Transportation,Enterprise,SaaS Connector Pack - Gold,7HXWZTNMS0,78.35,5,0,36.8245
4446,APJ-2020-147704,11/16/2020,20201116,India,APJ,IND,United Parcel Service,1090,Transportation,Enterprise,Support,QGPAZQNYUX,31.68,6,0,14.256
4447,APJ-2020-147704,11/16/2020,20201116,India,APJ,IND,United Parcel Service,1090,Transportation,Enterprise,ContactMatcher,GHH7M3XPJ6,29.12,4,0,14.2688
4448,APJ-2020-147704,11/16/2020,20201116,India,APJ,IND,United Parcel Service,1090,Transportation,Enterprise,Marketing Suite - Gold,UKSUFUWIVD,169.45,5,0,42.3625
4983,AMER-2020-160066,11/16/2020,20201116,United States,AMER,NAMER,Kroger,1057,Retail,Strategic,FinanceHub,DBLSFYGH40,5.22,2,0,2.4012
5304,APJ-2020-139500,11/16/2020,20201116,Australia,APJ,ANZ,Intel,1051,Tech,SMB,FinanceHub,G3SL0KJYLC,37.296,2,0.3,-1.0656
8709,AMER-2020-119144,11/16/2020,20201116,United States,AMER,NAMER,Bank of America Corp.,1011,Finance,Strategic,Site Analytics,XVGM353O6N,79.968,4,0.2,-17.9928
8710,AMER-2020-119144,11/16/2020,20201116,United States,AMER,NAMER,Bank of America Corp.,1011,Finance,Strategic,Marketing Suite,LHMPMVFOAB,305.9745,3,0.15,25.1979
8711,AMER-2020-119144,11/16/2020,20201116,United States,AMER,NAMER,Bank of America Corp.,1011,Finance,Strategic,Marketing Suite - Gold,AR9J6TICL7,344.91,3,0,10.3473
2093,EMEA-2020-145926,11/17/2020,20201117,Luxembourg,EMEA,EU-WEST,HonHai Precision Industry,1033,Tech,Enterprise,FinanceHub,O182K9LDYB,479.9,5,0,81.583
3071,APJ-2020-119375,11/17/2020,20201117,Philippines,APJ,APAC,Chevron,1017,Energy,Strategic,Marketing Suite - Gold,W53349CTX5,2934.33,7,0,792.2691
3072,APJ-2020-119375,11/17/2020,20201117,Philippines,APJ,APAC,Chevron,1017,Energy,Strategic,SaaS Connector Pack,8GHUZVVI9O,124.41,3,0,14.9292
3073,APJ-2020-119375,11/17/2020,20201117,Philippines,APJ,APAC,Chevron,1017,Energy,Strategic,ChatBot Plugin,V997VM5Z2O,57.75,5,0,26.565
3262,AMER-2020-140662,11/17/2020,20201117,United States,AMER,NAMER,HSBC Holdings,1070,Finance,Strategic,Data Smasher,2Y6Q1MYTX7,99.98,2,0,7.9984
3263,AMER-2020-140662,11/17/2020,20201117,United States,AMER,NAMER,HSBC Holdings,1070,Finance,Strategic,Support,KKI8MTEB2Q,733.95,7,0,352.296
3264,AMER-2020-140662,11/17/2020,20201117,United States,AMER,NAMER,HSBC Holdings,1070,Finance,Strategic,OneView,1Z77E4AWAA,241.44,3,0,72.432
3602,EMEA-2020-159835,11/17/2020,20201117,France,EMEA,EU-WEST,McKesson,1063,Consumer Products,SMB,Support,SYKO23AGVD,12.448,2,0.2,3.89
3603,EMEA-2020-159835,11/17/2020,20201117,France,EMEA,EU-WEST,McKesson,1063,Consumer Products,SMB,FinanceHub,4R9B0665D0,657.93,5,0.3,-93.99
6023,APJ-2020-130869,11/17/2020,20201117,Japan,APJ,JAPN,Tyson Foods,1088,Consumer Products,SMB,SaaS Connector Pack - Gold,4AJX24BDH1,7.08,3,0.2,2.478
6535,EMEA-2020-128209,11/17/2020,20201117,United Kingdom,EMEA,UKIR,Lukoil,1044,Energy,SMB,ContactMatcher,7PDA75RKCE,2152.776,3,0.2,726.5619
6536,EMEA-2020-128209,11/17/2020,20201117,United Kingdom,EMEA,UKIR,Lukoil,1044,Energy,SMB,Marketing Suite,FEDTEE9EDA,4007.84,10,0.2,-50.098
9461,EMEA-2020-101833,11/17/2020,20201117,United Kingdom,EMEA,UKIR,News Corp.,1071,Misc,Enterprise,Support,LQL8XW76AS,34.44,3,0,17.22
2438,EMEA-2020-164210,11/18/2020,20201118,Russia,EMEA,EU-EAST,Siemens,1043,Manufacturing,SMB,ContactMatcher,10V574OMSY,145.98,2,0.5,-99.2664
2439,EMEA-2020-164210,11/18/2020,20201118,Russia,EMEA,EU-EAST,Siemens,1043,Manufacturing,SMB,Support,ASLVLPG93Y,35.808,4,0.2,12.5328
3300,EMEA-2020-159926,11/18/2020,20201118,France,EMEA,EU-WEST,Boeing,1014,Manufacturing,SMB,ContactMatcher,FMGVLCWGM5,50.997,1,0.7,-40.7976
3301,EMEA-2020-159926,11/18/2020,20201118,France,EMEA,EU-WEST,Boeing,1014,Manufacturing,SMB,Marketing Suite - Gold,MQ0NE42TKD,76.792,1,0.2,-16.3183
3302,EMEA-2020-159926,11/18/2020,20201118,France,EMEA,EU-WEST,Boeing,1014,Manufacturing,SMB,Site Analytics,B20S2I1O9V,539.964,6,0.4,-107.9928
3303,EMEA-2020-159926,11/18/2020,20201118,France,EMEA,EU-WEST,Boeing,1014,Manufacturing,SMB,SaaS Connector Pack,Z5OO08VTB7,60.312,3,0.2,5.2773
3304,EMEA-2020-159926,11/18/2020,20201118,France,EMEA,EU-WEST,Boeing,1014,Manufacturing,SMB,ContactMatcher,81M58MR07R,1.944,3,0.7,-1.4256
4131,APJ-2020-115336,11/18/2020,20201118,Australia,APJ,ANZ,Petrobras,1018,Energy,Strategic,ContactMatcher,WV5YX55VEI,14.48,5,0.8,-23.892
4908,AMER-2020-133809,11/18/2020,20201118,Mexico,AMER,LATAM,Exxon Mobil,1034,Energy,SMB,ContactMatcher,3NBKI15QEY,11.808,8,0.7,-8.6592
4909,AMER-2020-133809,11/18/2020,20201118,Mexico,AMER,LATAM,Exxon Mobil,1034,Energy,SMB,Site Analytics,VO007R5STS,9.588,2,0.4,-2.0774
5396,EMEA-2020-104829,11/18/2020,20201118,Turkey,EMEA,MEA,Daimler,1052,Transportation,Strategic,Support,L50WHIJ9F5,21.98,7,0,9.891
7299,APJ-2020-163468,11/18/2020,20201118,Australia,APJ,ANZ,Lowes,1060,Retail,SMB,ContactMatcher,HL1T7O9IS9,292.1,4,0.5,-175.26
7300,APJ-2020-163468,11/18/2020,20201118,Australia,APJ,ANZ,Lowes,1060,Retail,SMB,SaaS Connector Pack,KTZKTFZXQ8,8.544,2,0.6,-7.476
7301,APJ-2020-163468,11/18/2020,20201118,Australia,APJ,ANZ,Lowes,1060,Retail,SMB,Marketing Suite,N93W6KO0OE,424.116,6,0.3,-30.294
7302,APJ-2020-163468,11/18/2020,20201118,Australia,APJ,ANZ,Lowes,1060,Retail,SMB,ContactMatcher,LKI3YMWTJU,2.892,3,0.8,-4.9164
7303,APJ-2020-163468,11/18/2020,20201118,Australia,APJ,ANZ,Lowes,1060,Retail,SMB,Marketing Suite - Gold,7G8CVEW9TS,381.72,5,0.2,-66.801
8844,EMEA-2020-141173,11/18/2020,20201118,Luxembourg,EMEA,EU-WEST,Itochu,1032,Finance,Strategic,Marketing Suite - Gold,7SNFYD5DOW,67.15,5,0,16.7875
9285,EMEA-2020-161032,11/18/2020,20201118,Italy,EMEA,EU,Amazon,1004,Tech,Strategic,FinanceHub,9PM60RI57T,392.94,3,0,43.2234
9637,AMER-2020-124702,11/18/2020,20201118,Canada,AMER,NAMER,General Motors,1041,Manufacturing,Strategic,SaaS Connector Pack,LEXRX0VX1W,137.54,2,0,55.016
9638,AMER-2020-124702,11/18/2020,20201118,Canada,AMER,NAMER,General Motors,1041,Manufacturing,Strategic,ContactMatcher,O56YSGTIJH,730.2,4,0,94.926
183,EMEA-2020-158274,11/19/2020,20201119,Czech Republic,EMEA,EU-EAST,Merck,1064,Healthcare,Enterprise,Site Analytics,9ZGSKXMP33,503.96,4,0,131.0296
184,EMEA-2020-158274,11/19/2020,20201119,Czech Republic,EMEA,EU-EAST,Merck,1064,Healthcare,Enterprise,Site Analytics,7LN8FFMCQN,149.95,5,0,41.986
185,EMEA-2020-158274,11/19/2020,20201119,Czech Republic,EMEA,EU-EAST,Merck,1064,Healthcare,Enterprise,Data Smasher,9BP0PZ49A6,29,2,0,7.25
2493,EMEA-2020-144624,11/19/2020,20201119,United Kingdom,EMEA,UKIR,ConocoPhillips,1024,Energy,SMB,Site Analytics,EKCIL45SA2,4548.81,7,0,1228.1787
5392,APJ-2020-123183,11/19/2020,20201119,Philippines,APJ,APAC,Royal Dutch Shell,1031,Energy,Strategic,FinanceHub,FX8YO1B81Y,22.5,6,0,10.8
5393,APJ-2020-123183,11/19/2020,20201119,Philippines,APJ,APAC,Royal Dutch Shell,1031,Energy,Strategic,FinanceHub,S4FMSN8N8H,9.96,2,0,4.5816
5394,APJ-2020-123183,11/19/2020,20201119,Philippines,APJ,APAC,Royal Dutch Shell,1031,Energy,Strategic,ContactMatcher,UJ6BPQIC9Y,213.08,7,0,102.2784
5395,APJ-2020-123183,11/19/2020,20201119,Philippines,APJ,APAC,Royal Dutch Shell,1031,Energy,Strategic,Marketing Suite,XGKJIR88NX,1025.88,6,0,235.9524
7868,EMEA-2020-100972,11/19/2020,20201119,Turkey,EMEA,MEA,Kroger,1057,Retail,Enterprise,Support,ZUYYYWJUXI,166.44,3,0,79.8912
8973,EMEA-2020-149034,11/19/2020,20201119,France,EMEA,EU-WEST,Mondelez International,1067,Consumer Products,SMB,Data Smasher,HKLIN7UOXO,47.496,1,0.2,-1.1874
9648,EMEA-2020-150518,11/19/2020,20201119,Luxembourg,EMEA,EU-WEST,Carrefour,1048,Retail,SMB,Marketing Suite - Gold,OZCNGRMGOU,221.16,4,0,57.5016
9649,EMEA-2020-150518,11/19/2020,20201119,Luxembourg,EMEA,EU-WEST,Carrefour,1048,Retail,SMB,Site Analytics,YMGLDLST07,281.97,3,0,78.9516
9736,EMEA-2020-128062,11/19/2020,20201119,France,EMEA,EU-WEST,FedEx,1036,Transportation,Enterprise,Support,EPJ4ARKS3Y,5.88,1,0.2,1.9845
7551,EMEA-2020-140396,11/20/2020,20201120,United Kingdom,EMEA,UKIR,ConocoPhillips,1024,Energy,Strategic,SaaS Connector Pack - Gold,5BTPZ3NAPC,34.74,3,0,17.37
7552,EMEA-2020-140396,11/20/2020,20201120,United Kingdom,EMEA,UKIR,ConocoPhillips,1024,Energy,Strategic,Site Analytics,GH7VH46B9F,833.94,6,0,216.8244
7553,EMEA-2020-140396,11/20/2020,20201120,United Kingdom,EMEA,UKIR,ConocoPhillips,1024,Energy,Strategic,ContactMatcher,BOLIB4QBKJ,12.96,3,0.2,4.536
7554,EMEA-2020-140396,11/20/2020,20201120,United Kingdom,EMEA,UKIR,ConocoPhillips,1024,Energy,Strategic,Support,300CKLCSDH,25.92,4,0,12.4416
3399,EMEA-2020-102274,11/21/2020,20201121,Ireland,EMEA,UKIR,Nestle,1089,Consumer Products,Strategic,Site Analytics,9IWE7I9WMQ,36.99,1,0,9.9873
3400,EMEA-2020-102274,11/21/2020,20201121,Ireland,EMEA,UKIR,Nestle,1089,Consumer Products,Strategic,Support,VRMRWJTAE3,629.1,6,0,301.968
3401,EMEA-2020-102274,11/21/2020,20201121,Ireland,EMEA,UKIR,Nestle,1089,Consumer Products,Strategic,Marketing Suite - Gold,343F7WFT4Z,193.95,3,0,9.6975
3402,EMEA-2020-102274,11/21/2020,20201121,Ireland,EMEA,UKIR,Nestle,1089,Consumer Products,Strategic,ChatBot Plugin,T9HW1SYJ1L,5.46,3,0,1.4742
4499,AMER-2020-103401,11/21/2020,20201121,United States,AMER,NAMER,Royal Dutch Shell,1031,Energy,Strategic,Support,V78ZVDTPR4,12.96,2,0,6.2208
5343,APJ-2020-168501,11/21/2020,20201121,Japan,APJ,JAPN,Exxon Mobil,1034,Energy,Strategic,SaaS Connector Pack - Gold,N0EFXLJ3GT,1.632,1,0.2,0.5508
5344,APJ-2020-168501,11/21/2020,20201121,Japan,APJ,JAPN,Exxon Mobil,1034,Energy,Strategic,Site Analytics,UY9KAZAA7W,267.96,5,0.2,16.7475
7740,AMER-2020-154781,11/21/2020,20201121,United States,AMER,NAMER,Home Depot,1047,Retail,Enterprise,Support,0GG6T8JW79,6.58,2,0,3.0268
7741,AMER-2020-154781,11/21/2020,20201121,United States,AMER,NAMER,Home Depot,1047,Retail,Enterprise,Data Smasher,MUMSBNOE2E,94.99,1,0,28.497
2575,EMEA-2020-129091,11/22/2020,20201122,Finland,EMEA,NOR,Siemens,1043,Manufacturing,Strategic,SaaS Connector Pack - Gold,29T9TGOOTK,16.23,3,0,7.9527
2576,EMEA-2020-129091,11/22/2020,20201122,Finland,EMEA,NOR,Siemens,1043,Manufacturing,Strategic,ContactMatcher,TQFO5KNWHD,319.9,5,0,156.751
2577,EMEA-2020-129091,11/22/2020,20201122,Finland,EMEA,NOR,Siemens,1043,Manufacturing,Strategic,SaaS Connector Pack - Gold,F6RIS7BI8X,11.36,2,0,5.3392
2578,EMEA-2020-129091,11/22/2020,20201122,Finland,EMEA,NOR,Siemens,1043,Manufacturing,Strategic,OneView,145I49ERUO,675.12,3,0,290.3016
3394,APJ-2020-105340,11/22/2020,20201122,Japan,APJ,JAPN,Aetna,1002,Healthcare,SMB,ContactMatcher,6LQGI7PGKD,6.928,1,0.8,-11.0848
3895,APJ-2020-112200,11/22/2020,20201122,Australia,APJ,ANZ,Samsung Electronics,1015,Tech,Enterprise,ContactMatcher,9S3GE15HXM,9.98,5,0.8,-16.467
3971,AMER-2020-135090,11/22/2020,20201122,United States,AMER,NAMER,United Parcel Service,1090,Transportation,SMB,Support,X4A62034D2,53.82,9,0,24.219
6806,EMEA-2020-125682,11/22/2020,20201122,Finland,EMEA,NOR,BNP Paribas,1065,Finance,Strategic,Support,PBIIKKFRJY,9.96,2,0,4.8804
1571,AMER-2020-157385,11/23/2020,20201123,United States,AMER,NAMER,Anthem,1029,Healthcare,SMB,FinanceHub,0XKM3DMO67,603.92,5,0.2,-67.941
1572,AMER-2020-157385,11/23/2020,20201123,United States,AMER,NAMER,Anthem,1029,Healthcare,SMB,SaaS Connector Pack - Gold,I84ZUE2MAN,21.84,3,0,10.4832
1573,AMER-2020-157385,11/23/2020,20201123,United States,AMER,NAMER,Anthem,1029,Healthcare,SMB,Data Smasher,979D8GVFRO,29.99,1,0,6.2979
1574,AMER-2020-157385,11/23/2020,20201123,United States,AMER,NAMER,Anthem,1029,Healthcare,SMB,FinanceHub,X3TSKI1NVX,381.44,2,0.2,23.84
2084,APJ-2020-110352,11/23/2020,20201123,Japan,APJ,JAPN,Daimler,1052,Transportation,Enterprise,FinanceHub,U567JL1YNI,23.68,2,0.2,8.88
3708,APJ-2020-120544,11/23/2020,20201123,Japan,APJ,JAPN,American Express,1005,Finance,Strategic,SaaS Connector Pack,J82QEA502B,6.368,2,0.6,-2.5472
3709,APJ-2020-120544,11/23/2020,20201123,Japan,APJ,JAPN,American Express,1005,Finance,Strategic,OneView,9QK1RP4KUE,34.176,3,0.8,-87.1488
3710,APJ-2020-120544,11/23/2020,20201123,Japan,APJ,JAPN,American Express,1005,Finance,Strategic,Data Smasher,0RTVRHA2S1,5.544,7,0.2,1.6632
4809,EMEA-2020-149055,11/23/2020,20201123,France,EMEA,EU-WEST,General Motors,1041,Manufacturing,Strategic,SaaS Connector Pack - Gold,IOZSOTWMR5,62.808,3,0.2,21.1977
7101,AMER-2020-159625,11/23/2020,20201123,Chile,AMER,LATAM,Wells Fargo,1099,Finance,SMB,SaaS Connector Pack - Gold,3KRF22TYMK,23.472,3,0.2,8.802
7266,APJ-2020-143721,11/23/2020,20201123,Japan,APJ,JAPN,Procter & Gamble,1077,Consumer Products,Strategic,FinanceHub,9OAIYP4ZWA,155.372,2,0.3,-35.5136
9628,AMER-2020-139283,11/23/2020,20201123,Brazil,AMER,LATAM,Aviva,1006,Finance,SMB,ContactMatcher,XQ3K57E5DG,14.67,3,0,6.7482
389,AMER-2020-115973,11/24/2020,20201124,Mexico,AMER,LATAM,Volkswagen,1046,Manufacturing,SMB,ChatBot Plugin,53JY1OWYNH,2.624,1,0.2,0.4264
1011,AMER-2020-158540,11/24/2020,20201124,United States,AMER,NAMER,ConocoPhillips,1024,Energy,SMB,SaaS Connector Pack,PFSKYA6AHA,151.72,4,0,27.3096
1185,AMER-2020-127131,11/24/2020,20201124,Canada,AMER,NAMER,ConocoPhillips,1024,Energy,Strategic,ContactMatcher,C0RFAVXNKZ,12.096,7,0.2,4.2336
1186,AMER-2020-127131,11/24/2020,20201124,Canada,AMER,NAMER,ConocoPhillips,1024,Energy,Strategic,Marketing Suite - Gold,IIHTBSKY6L,485.88,6,0,9.7176
1187,AMER-2020-127131,11/24/2020,20201124,Canada,AMER,NAMER,ConocoPhillips,1024,Energy,Strategic,Support,U4KTVVLX9N,25.92,4,0,12.4416
1188,AMER-2020-127131,11/24/2020,20201124,Canada,AMER,NAMER,ConocoPhillips,1024,Energy,Strategic,Marketing Suite - Gold,8K8JF8HEFU,197.58,2,0,53.3466
2152,EMEA-2020-167360,11/24/2020,20201124,Poland,EMEA,EU-WEST,AT&T,1010,Communications,SMB,Data Smasher,EPJ1ED98DY,111.79,7,0,43.5981
2367,AMER-2020-102295,11/24/2020,20201124,United States,AMER,NAMER,Aviva,1006,Finance,SMB,FinanceHub,20L65NK277,120.712,1,0.2,-18.1068
3834,AMER-2020-105984,11/24/2020,20201124,Mexico,AMER,LATAM,BNP Paribas,1065,Finance,Strategic,Site Analytics,MOA9FX93CM,1049.97,5,0.4,-209.994
3835,AMER-2020-105984,11/24/2020,20201124,Mexico,AMER,LATAM,BNP Paribas,1065,Finance,Strategic,FinanceHub,4T9097RLJ8,611.058,3,0.3,-34.9176
4058,APJ-2020-163034,11/24/2020,20201124,Australia,APJ,ANZ,Lowes,1060,Retail,SMB,Marketing Suite - Gold,E8YN5G51CU,646.2,5,0.2,-8.0775
5016,AMER-2020-153850,11/24/2020,20201124,Mexico,AMER,LATAM,AmerisourceBergen,1007,Healthcare,SMB,SaaS Connector Pack,MJU1ZXH648,35.168,7,0.2,9.6712
5017,AMER-2020-153850,11/24/2020,20201124,Mexico,AMER,LATAM,AmerisourceBergen,1007,Healthcare,SMB,Site Analytics,1WM7K4W7HO,1502.376,4,0.4,-250.396
6315,AMER-2020-100762,11/24/2020,20201124,Brazil,AMER,LATAM,HonHai Precision Industry,1033,Tech,Strategic,ChatBot Plugin,9WNGMUMGIU,151.92,4,0,45.576
6316,AMER-2020-100762,11/24/2020,20201124,Brazil,AMER,LATAM,HonHai Precision Industry,1033,Tech,Strategic,FinanceHub,QLK9TG5206,196.62,2,0,96.3438
6317,AMER-2020-100762,11/24/2020,20201124,Brazil,AMER,LATAM,HonHai Precision Industry,1033,Tech,Strategic,Support,V5SQA48WYZ,144.12,3,0,69.1776
6318,AMER-2020-100762,11/24/2020,20201124,Brazil,AMER,LATAM,HonHai Precision Industry,1033,Tech,Strategic,Support,5F2LX40BDP,15.96,2,0,7.98
7143,EMEA-2020-122217,11/24/2020,20201124,Spain,EMEA,EU-WEST,Pfizer,1074,Healthcare,Enterprise,SaaS Connector Pack,GLUNKSND1K,111.15,5,0,48.906
9922,AMER-2020-111360,11/24/2020,20201124,Mexico,AMER,LATAM,Fannie Mae,1035,Finance,Enterprise,ContactMatcher,09OW8NBK26,5.742,3,0.7,-4.5936
1984,AMER-2020-164721,11/25/2020,20201125,United States,AMER,NAMER,Safeway,1079,Retail,Strategic,OneView,5ZJZ2ICPBO,320.88,6,0,93.0552
1985,AMER-2020-164721,11/25/2020,20201125,United States,AMER,NAMER,Safeway,1079,Retail,Strategic,SaaS Connector Pack,OQCL0OCP7Y,23.88,3,0,10.5072
1986,AMER-2020-164721,11/25/2020,20201125,United States,AMER,NAMER,Safeway,1079,Retail,Strategic,Support,PUOTTSE5IH,26.76,4,0,12.3096
2608,APJ-2020-127446,11/25/2020,20201125,Japan,APJ,JAPN,Walt Disney,1097,Communications,Strategic,Data Smasher,73ZORNZIMF,24.672,3,0.2,0
2609,APJ-2020-127446,11/25/2020,20201125,Japan,APJ,JAPN,Walt Disney,1097,Communications,Strategic,FinanceHub,JUT2WRYY7R,2.52,1,0.2,0.882
2610,APJ-2020-127446,11/25/2020,20201125,Japan,APJ,JAPN,Walt Disney,1097,Communications,Strategic,ContactMatcher,29CS02YJHN,1218.735,5,0.3,-121.8735
2611,APJ-2020-127446,11/25/2020,20201125,Japan,APJ,JAPN,Walt Disney,1097,Communications,Strategic,FinanceHub,12QJYQN2L1,5.904,2,0.2,1.9926
2612,APJ-2020-127446,11/25/2020,20201125,Japan,APJ,JAPN,Walt Disney,1097,Communications,Strategic,Support,U103IIIBQ1,15.696,3,0.2,5.1012
2613,APJ-2020-127446,11/25/2020,20201125,Japan,APJ,JAPN,Walt Disney,1097,Communications,Strategic,SaaS Connector Pack,RTGPXAP547,6.096,3,0.6,-3.9624
3990,EMEA-2020-122588,11/25/2020,20201125,Norway,EMEA,NOR,Alphabet,1053,Tech,SMB,SaaS Connector Pack,R6HMAA76M0,52.96,2,0,20.1248
4727,EMEA-2020-119151,11/25/2020,20201125,United Kingdom,EMEA,UKIR,Caterpillar,1016,Manufacturing,Enterprise,Marketing Suite - Gold,9L76V22C4E,1117.92,4,0,55.896
4728,EMEA-2020-119151,11/25/2020,20201125,United Kingdom,EMEA,UKIR,Caterpillar,1016,Manufacturing,Enterprise,Marketing Suite,60G593UR6F,275.952,3,0.2,-37.9434
6362,EMEA-2020-107993,11/25/2020,20201125,Belgium,EMEA,EU-WEST,Honda Motor,1045,Manufacturing,SMB,ChatBot Plugin,A2AZ6D5HO8,51.016,7,0.2,8.2901
7621,AMER-2020-144078,11/25/2020,20201125,United States,AMER,NAMER,AT&T,1010,Communications,SMB,Site Analytics,ARTNSU6RF4,539.92,5,0.2,47.243
7622,AMER-2020-144078,11/25/2020,20201125,United States,AMER,NAMER,AT&T,1010,Communications,SMB,FinanceHub,PA2Y43U2SN,725.344,4,0.2,54.4008
7623,AMER-2020-144078,11/25/2020,20201125,United States,AMER,NAMER,AT&T,1010,Communications,SMB,ChatBot Plugin,UT4TD3BD13,7.44,3,0,2.604
79,APJ-2020-147606,11/26/2020,20201126,Japan,APJ,JAPN,Oracle,1072,Tech,SMB,SaaS Connector Pack,JQHP8C8VXP,19.3,5,0.6,-14.475
1636,EMEA-2020-168984,11/26/2020,20201126,Belgium,EMEA,EU-WEST,Sysco,1084,Consumer Products,SMB,Support,QJVMTU5EI0,15.552,3,0.2,5.4432
1637,EMEA-2020-168984,11/26/2020,20201126,Belgium,EMEA,EU-WEST,Sysco,1084,Consumer Products,SMB,Marketing Suite - Gold,LTQ281WRQZ,669.08,5,0.2,-167.27
1638,EMEA-2020-168984,11/26/2020,20201126,Belgium,EMEA,EU-WEST,Sysco,1084,Consumer Products,SMB,Site Analytics,6IYE1RRBUU,438.336,4,0.2,-87.6672
5229,AMER-2020-147648,11/26/2020,20201126,United States,AMER,NAMER,Prudential Financial,1078,Finance,Enterprise,Support,N4M85T8H7W,81.98,2,0,40.1702
5816,EMEA-2020-124730,11/26/2020,20201126,United Kingdom,EMEA,UKIR,Oracle,1072,Tech,SMB,Site Analytics,9YC1YL60WD,279.96,4,0,78.3888
5817,EMEA-2020-124730,11/26/2020,20201126,United Kingdom,EMEA,UKIR,Oracle,1072,Tech,SMB,ContactMatcher,VBXS337K1X,12.912,3,0.2,4.6806
5818,EMEA-2020-124730,11/26/2020,20201126,United Kingdom,EMEA,UKIR,Oracle,1072,Tech,SMB,ContactMatcher,9OICKLRRSI,17.088,4,0.2,5.7672
5819,EMEA-2020-124730,11/26/2020,20201126,United Kingdom,EMEA,UKIR,Oracle,1072,Tech,SMB,FinanceHub,I1ZMBQ8DGG,93.15,9,0,44.712
5820,EMEA-2020-124730,11/26/2020,20201126,United Kingdom,EMEA,UKIR,Oracle,1072,Tech,SMB,FinanceHub,II2OWMMXTQ,11.52,4,0,5.6448
8599,AMER-2020-141110,11/26/2020,20201126,United States,AMER,NAMER,Target,1085,Retail,Strategic,ContactMatcher,MPET7XBAD2,4.32,3,0.2,1.512
8600,AMER-2020-141110,11/26/2020,20201126,United States,AMER,NAMER,Target,1085,Retail,Strategic,Support,Y1V6IQF8S4,14.94,3,0,7.0218
8601,AMER-2020-141110,11/26/2020,20201126,United States,AMER,NAMER,Target,1085,Retail,Strategic,OneView,8ORFAY4E0N,40.54,2,0,11.3512
8602,AMER-2020-141110,11/26/2020,20201126,United States,AMER,NAMER,Target,1085,Retail,Strategic,ContactMatcher,J14SBIJG6U,7.312,1,0.2,2.5592
1486,EMEA-2020-119032,11/27/2020,20201127,United Kingdom,EMEA,UKIR,Ford Motor,1009,Manufacturing,SMB,Storage,FQQPJU1SYC,3.76,2,0,1.316
9428,EMEA-2020-167486,11/27/2020,20201127,United Kingdom,EMEA,UKIR,Exxon Mobil,1034,Energy,Strategic,SaaS Connector Pack,5KI7TL2BKY,199.9,5,0,39.98
2198,EMEA-2020-163013,11/28/2020,20201128,Portugal,EMEA,EU-WEST,Carrefour,1048,Retail,SMB,ChatBot Plugin,834AKMD76Q,14.67,3,0,3.9609
3952,EMEA-2020-121167,11/28/2020,20201128,United Kingdom,EMEA,UKIR,Mitsubishi,1050,Manufacturing,SMB,ContactMatcher,JE9YRJRSC8,17.248,2,0.2,6.0368
5193,AMER-2020-101560,11/28/2020,20201128,Colombia,AMER,LATAM,Bosch,1076,Tech,Strategic,SaaS Connector Pack,J20UASTCMX,397.6,5,0,43.736
5194,AMER-2020-101560,11/28/2020,20201128,Colombia,AMER,LATAM,Bosch,1076,Tech,Strategic,Support,AXCMFFG3HI,85.96,7,0,40.4012
5195,AMER-2020-101560,11/28/2020,20201128,Colombia,AMER,LATAM,Bosch,1076,Tech,Strategic,ChatBot Plugin,4HA7Q5Y0UT,13.12,4,0,4.3296
5196,AMER-2020-101560,11/28/2020,20201128,Colombia,AMER,LATAM,Bosch,1076,Tech,Strategic,ContactMatcher,EPGMAQJWTL,45.66,3,0,22.3734
5493,AMER-2020-105249,11/28/2020,20201128,United States,AMER,NAMER,Sony,1028,Tech,Enterprise,Support,RSL12Y96B5,7.36,2,0,0.1472
5494,AMER-2020-105249,11/28/2020,20201128,United States,AMER,NAMER,Sony,1028,Tech,Enterprise,FinanceHub,TISPIPTJWV,41.4,4,0,19.872
5495,AMER-2020-105249,11/28/2020,20201128,United States,AMER,NAMER,Sony,1028,Tech,Enterprise,Marketing Suite,IOQV62TO29,411.332,4,0.15,-4.8392
5549,AMER-2020-159800,11/28/2020,20201128,United States,AMER,NAMER,Home Depot,1047,Retail,SMB,OneView,S9Q2MGQG61,43.68,3,0,11.7936
5550,AMER-2020-159800,11/28/2020,20201128,United States,AMER,NAMER,Home Depot,1047,Retail,SMB,Data Smasher,OS1WV7LHNS,139.93,7,0,34.9825
8573,APJ-2020-121629,11/28/2020,20201128,Japan,APJ,JAPN,Anthem,1029,Healthcare,SMB,Big Ol Database,5025TUEYHF,998.85,5,0.4,-199.77
9677,APJ-2020-120145,11/28/2020,20201128,India,APJ,IND,HonHai Precision Industry,1033,Tech,Strategic,SaaS Connector Pack - Gold,D7GJMEEY5J,64.02,6,0,29.4492
1490,EMEA-2020-136280,11/29/2020,20201129,France,EMEA,EU-WEST,Walt Disney,1097,Communications,SMB,FinanceHub,QYP83OL683,5.04,2,0.2,1.764
1643,APJ-2020-134712,11/29/2020,20201129,Australia,APJ,ANZ,Bosch,1076,Tech,Strategic,Storage,F2BZM8TOMJ,12.624,2,0.2,3.945
4416,AMER-2020-153983,11/29/2020,20201129,United States,AMER,NAMER,Ford Motor,1009,Manufacturing,SMB,Site Analytics,ZFCOVU6NT8,575.92,2,0.2,71.99
4417,AMER-2020-153983,11/29/2020,20201129,United States,AMER,NAMER,Ford Motor,1009,Manufacturing,SMB,Storage,LPOQLMLUIF,30.4,5,0,15.2
7786,EMEA-2020-111353,11/29/2020,20201129,United Kingdom,EMEA,UKIR,American Express,1005,Finance,SMB,FinanceHub,2W4RZOO639,25.06,2,0,11.7782
4216,EMEA-2020-103590,11/30/2020,20201130,United Kingdom,EMEA,UKIR,Sysco,1084,Consumer Products,SMB,SaaS Connector Pack - Gold,VYUQ76SN8M,62.28,4,0,29.2716
7616,EMEA-2020-148425,11/30/2020,20201130,Germany,EMEA,EU-WEST,Verizon Communications,1094,Communications,Strategic,ContactMatcher,EKE7YU3KAF,6.642,9,0.7,-4.428
9195,AMER-2020-146843,11/30/2020,20201130,Chile,AMER,LATAM,American Express,1005,Finance,SMB,Support,VF7P5EBZZF,47.992,7,0.2,3.5994
9196,AMER-2020-146843,11/30/2020,20201130,Chile,AMER,LATAM,American Express,1005,Finance,SMB,Data Smasher,N77BQS9FIU,102.24,4,0.2,-16.614
1792,EMEA-2020-120474,12/1/2020,20201201,Italy,EMEA,EU,Tyson Foods,1088,Consumer Products,SMB,FinanceHub,52W0X84P0W,2807.84,8,0,673.8816
1793,EMEA-2020-120474,12/1/2020,20201201,Italy,EMEA,EU,Tyson Foods,1088,Consumer Products,SMB,ChatBot Plugin,YF7IUGKQV1,46.64,4,0,12.5928
2076,AMER-2020-131051,12/1/2020,20201201,United States,AMER,NAMER,Trafigura Group,1100,Finance,SMB,SaaS Connector Pack,GYMO0JP99W,58.2,3,0,28.518
3199,EMEA-2020-131527,12/1/2020,20201201,Sweden,EMEA,NOR,Royal Dutch Shell,1031,Energy,SMB,Site Analytics,DYU20S8K4X,95.968,4,0.2,9.5968
4492,AMER-2020-150798,12/1/2020,20201201,Mexico,AMER,LATAM,Lowes,1060,Retail,SMB,Alchemy,XBN4BB7P90,659.988,2,0.4,109.998
4493,AMER-2020-150798,12/1/2020,20201201,Mexico,AMER,LATAM,Lowes,1060,Retail,SMB,SaaS Connector Pack,QCCS4V1ET9,8.128,2,0.2,1.4224
4494,AMER-2020-150798,12/1/2020,20201201,Mexico,AMER,LATAM,Lowes,1060,Retail,SMB,Support,QQLABSWAST,36.288,7,0.2,12.7008
4495,AMER-2020-150798,12/1/2020,20201201,Mexico,AMER,LATAM,Lowes,1060,Retail,SMB,FinanceHub,W9XGL25I2P,909.72,6,0.3,-51.984
4905,APJ-2020-161613,12/1/2020,20201201,Japan,APJ,JAPN,PepsiCo,1073,Consumer Products,Strategic,FinanceHub,XBMGIA723Q,674.058,3,0.3,-19.2588
8004,APJ-2020-143210,12/1/2020,20201201,South Korea,APJ,APAC,United Parcel Service,1090,Transportation,SMB,Site Analytics,L20T8540A1,271.9,2,0,78.851
8005,APJ-2020-143210,12/1/2020,20201201,South Korea,APJ,APAC,United Parcel Service,1090,Transportation,SMB,SaaS Connector Pack,7751QXLFMD,45.84,3,0,15.5856
8006,APJ-2020-143210,12/1/2020,20201201,South Korea,APJ,APAC,United Parcel Service,1090,Transportation,SMB,SaaS Connector Pack,5N1C3SQP7B,9.82,2,0,3.2406
708,EMEA-2020-112158,12/2/2020,20201202,United Kingdom,EMEA,UKIR,McKesson,1063,Consumer Products,SMB,Data Smasher,XZAN2SZ4IT,119.96,4,0,52.7824
709,EMEA-2020-112158,12/2/2020,20201202,United Kingdom,EMEA,UKIR,McKesson,1063,Consumer Products,SMB,Marketing Suite,TPRZQ3BXT4,883.92,5,0.2,-110.49
710,EMEA-2020-112158,12/2/2020,20201202,United Kingdom,EMEA,UKIR,McKesson,1063,Consumer Products,SMB,ContactMatcher,SEUMT30Y8C,46.72,8,0.2,15.768
2788,APJ-2020-117744,12/2/2020,20201202,Japan,APJ,JAPN,AmerisourceBergen,1007,Healthcare,Strategic,SaaS Connector Pack,SUTY3GCF4D,58.36,5,0.6,-24.803
2789,APJ-2020-117744,12/2/2020,20201202,Japan,APJ,JAPN,AmerisourceBergen,1007,Healthcare,Strategic,ChatBot Plugin,L3R1P478BE,16.464,7,0.2,1.4406
2790,APJ-2020-117744,12/2/2020,20201202,Japan,APJ,JAPN,AmerisourceBergen,1007,Healthcare,Strategic,SaaS Connector Pack,EBGX3D39MP,39.96,5,0.6,-23.976
4876,AMER-2020-132864,12/2/2020,20201202,Mexico,AMER,LATAM,J.P. Morgan Chase & Co.,1054,Finance,Strategic,Data Smasher,Y77GK5953Z,119.8,5,0.2,29.95
6252,APJ-2020-101147,12/2/2020,20201202,Australia,APJ,ANZ,Humana,1049,Healthcare,SMB,OneView,Q9X3QZH4V2,2.394,1,0.8,-6.3441
6600,APJ-2020-154095,12/2/2020,20201202,China,APJ,APAC,Sony,1028,Tech,Strategic,SaaS Connector Pack,QDME38BYVR,60.72,3,0,23.6808
6601,APJ-2020-154095,12/2/2020,20201202,China,APJ,APAC,Sony,1028,Tech,Strategic,Support,YWX78E0LV3,146.82,3,0,73.41
6602,APJ-2020-154095,12/2/2020,20201202,China,APJ,APAC,Sony,1028,Tech,Strategic,FinanceHub,2WSIVBQ3PG,239.84,8,0,64.7568
6603,APJ-2020-154095,12/2/2020,20201202,China,APJ,APAC,Sony,1028,Tech,Strategic,FinanceHub,RRWXIEO72U,15.66,6,0,7.2036
9002,EMEA-2020-103807,12/2/2020,20201202,Finland,EMEA,NOR,China National Petroleum,1023,Energy,Strategic,Data Smasher,IYLW6NPVNP,5.95,1,0,0.833
9003,EMEA-2020-103807,12/2/2020,20201202,Finland,EMEA,NOR,China National Petroleum,1023,Energy,Strategic,Support,EI7PONG5JM,15.24,3,0,7.1628
1983,APJ-2020-122749,12/3/2020,20201203,Singapore,APJ,APAC,Volkswagen,1046,Manufacturing,SMB,Site Analytics,TFN6XJQKGX,479.96,4,0,134.3888
2623,EMEA-2020-164861,12/3/2020,20201203,Poland,EMEA,EU-WEST,HonHai Precision Industry,1033,Tech,Strategic,Support,2XSP6EOQN2,25.92,4,0,12.4416
2716,EMEA-2020-127187,12/4/2020,20201204,United Kingdom,EMEA,UKIR,BMW,1039,Manufacturing,Strategic,Site Analytics,FXV7F83664,129.98,2,0,62.3904
68,AMER-2020-106376,12/5/2020,20201205,Chile,AMER,LATAM,Morgan Stanley,1068,Finance,Strategic,ChatBot Plugin,91D0JN8T6U,1113.024,8,0.2,111.3024
69,AMER-2020-106376,12/5/2020,20201205,Chile,AMER,LATAM,Morgan Stanley,1068,Finance,Strategic,Site Analytics,6NQZXRTE33,167.968,4,0.2,62.988
181,APJ-2020-166191,12/5/2020,20201205,Australia,APJ,ANZ,Merck,1064,Healthcare,Strategic,Marketing Suite - Gold,XYUSCHN0YH,24.816,2,0.2,1.8612
182,APJ-2020-166191,12/5/2020,20201205,Australia,APJ,ANZ,Merck,1064,Healthcare,Strategic,Data Smasher,CDSZP4EX56,408.744,7,0.2,76.6395
921,EMEA-2020-138296,12/5/2020,20201205,Spain,EMEA,EU-WEST,Lowes,1060,Retail,SMB,Marketing Suite - Gold,K83QPRZBZX,24.56,2,0,6.8768
5378,EMEA-2020-125542,12/5/2020,20201205,France,EMEA,EU-WEST,Allianz,1080,Finance,Strategic,SaaS Connector Pack - Gold,3JR7Y8NU7Y,348.488,7,0.2,117.6147
5379,EMEA-2020-125542,12/5/2020,20201205,France,EMEA,EU-WEST,Allianz,1080,Finance,Strategic,Marketing Suite - Gold,XE6GL9NXZF,172.736,4,0.2,-30.2288
5572,AMER-2020-151162,12/5/2020,20201205,Mexico,AMER,LATAM,Carrefour,1048,Retail,Strategic,Support,XN2FKDBN7Q,98.376,3,0.2,35.6613
5573,AMER-2020-151162,12/5/2020,20201205,Mexico,AMER,LATAM,Carrefour,1048,Retail,Strategic,ContactMatcher,KILBA9CVUB,29.94,4,0.7,-23.952
5574,AMER-2020-151162,12/5/2020,20201205,Mexico,AMER,LATAM,Carrefour,1048,Retail,Strategic,Support,D6V8Z5X1DE,17.472,3,0.2,5.6784
5575,AMER-2020-151162,12/5/2020,20201205,Mexico,AMER,LATAM,Carrefour,1048,Retail,Strategic,Site Analytics,0JT2IRBTQ2,36.738,1,0.4,-9.1845
5576,AMER-2020-151162,12/5/2020,20201205,Mexico,AMER,LATAM,Carrefour,1048,Retail,Strategic,Site Analytics,0ZGV9XPAGM,179.94,2,0.4,-44.985
7569,AMER-2020-133830,12/5/2020,20201205,United States,AMER,NAMER,Chevron,1017,Energy,SMB,ChatBot Plugin,5TYYMAH3JS,26.46,9,0,11.907
7570,AMER-2020-133830,12/5/2020,20201205,United States,AMER,NAMER,Chevron,1017,Energy,SMB,Support,3YYVJTHBVM,49.12,4,0,23.0864
7571,AMER-2020-133830,12/5/2020,20201205,United States,AMER,NAMER,Chevron,1017,Energy,SMB,Storage,DVHTL1PA7R,15,3,0,7.2
7715,AMER-2020-150203,12/5/2020,20201205,United States,AMER,NAMER,Gazprom,1027,Energy,SMB,OneView,UPLICFBF3Y,250.26,6,0,72.5754
2720,APJ-2020-110030,12/6/2020,20201206,Japan,APJ,JAPN,Bosch,1076,Tech,SMB,SaaS Connector Pack,M2S2YSXQ17,23.976,3,0.6,-14.3856
2984,EMEA-2020-112872,12/6/2020,20201206,Belgium,EMEA,EU-WEST,Amazon,1004,Tech,SMB,Marketing Suite - Gold,JJNVWIBJKY,53.424,3,0.2,4.6746
2985,EMEA-2020-112872,12/6/2020,20201206,Belgium,EMEA,EU-WEST,Amazon,1004,Tech,SMB,ContactMatcher,YE4C7JE6R4,275.49,1,0.5,-170.8038
5094,APJ-2020-140452,12/6/2020,20201206,Australia,APJ,ANZ,Abbott Laboratories,1001,Healthcare,SMB,OneView,5SXWSL0I2T,14.016,4,0.8,-31.536
5095,APJ-2020-140452,12/6/2020,20201206,Australia,APJ,ANZ,Abbott Laboratories,1001,Healthcare,SMB,ContactMatcher,646IKZ0B0A,214.95,5,0.5,-120.372
5096,APJ-2020-140452,12/6/2020,20201206,Australia,APJ,ANZ,Abbott Laboratories,1001,Healthcare,SMB,Site Analytics,WXHW2PMFJT,35.04,4,0.2,-7.008
5097,APJ-2020-140452,12/6/2020,20201206,Australia,APJ,ANZ,Abbott Laboratories,1001,Healthcare,SMB,SaaS Connector Pack,ZAPE13VHP9,10.776,3,0.6,-4.8492
5098,APJ-2020-140452,12/6/2020,20201206,Australia,APJ,ANZ,Abbott Laboratories,1001,Healthcare,SMB,ContactMatcher,VQ5FPBCK4C,4.6,2,0.8,-8.05
5099,APJ-2020-140452,12/6/2020,20201206,Australia,APJ,ANZ,Abbott Laboratories,1001,Healthcare,SMB,Marketing Suite - Gold,Y1PZ9C4CNM,35.168,2,0.2,-8.3524
7066,AMER-2020-106726,12/6/2020,20201206,United States,AMER,NAMER,Caterpillar,1016,Manufacturing,Strategic,Marketing Suite - Gold,MAEB3LW84B,1261.33,7,0,327.9458
7761,EMEA-2020-155390,12/6/2020,20201206,South Africa,EMEA,MEA,Toyota Motor,1087,Manufacturing,SMB,Support,BROANN7CL1,42.208,2,0.2,13.7176
5279,EMEA-2020-159681,12/7/2020,20201207,Spain,EMEA,EU-WEST,Pfizer,1074,Healthcare,SMB,Support,PMB47A2NOJ,105.52,4,0,48.5392
7237,AMER-2020-138737,12/7/2020,20201207,United States,AMER,NAMER,Allianz,1080,Finance,SMB,ChatBot Plugin,PYF8YSYC6P,8.64,3,0,2.4192
8091,AMER-2020-101392,12/7/2020,20201207,Canada,AMER,NAMER,Caterpillar,1016,Manufacturing,Enterprise,Marketing Suite - Gold,OVKZBOWC4D,269.36,7,0,70.0336
8945,AMER-2020-154592,12/7/2020,20201207,United States,AMER,NAMER,Lukoil,1044,Energy,Enterprise,Support,MSW6MNOJAV,164.88,3,0,80.7912
1794,APJ-2020-104773,12/8/2020,20201208,Japan,APJ,JAPN,Tyson Foods,1088,Consumer Products,Strategic,Marketing Suite - Gold,HURYKA9YSW,60.416,2,0.2,6.0416
3665,EMEA-2020-129364,12/8/2020,20201208,Belgium,EMEA,EU-WEST,Aetna,1002,Healthcare,SMB,FinanceHub,P7XJ1I5ZZB,27.888,7,0.2,9.0636
3666,EMEA-2020-129364,12/8/2020,20201208,Belgium,EMEA,EU-WEST,Aetna,1002,Healthcare,SMB,ContactMatcher,9O1YVIVNMG,6.456,4,0.7,-4.5192
3667,EMEA-2020-129364,12/8/2020,20201208,Belgium,EMEA,EU-WEST,Aetna,1002,Healthcare,SMB,Site Analytics,2VSST8OGSX,52.68,3,0.2,19.755
3668,EMEA-2020-129364,12/8/2020,20201208,Belgium,EMEA,EU-WEST,Aetna,1002,Healthcare,SMB,Support,YD15FOYQXM,13.88,5,0.2,-2.6025
3669,EMEA-2020-129364,12/8/2020,20201208,Belgium,EMEA,EU-WEST,Aetna,1002,Healthcare,SMB,Data Smasher,8VU44W536Y,103.92,10,0.2,-18.186
3670,EMEA-2020-129364,12/8/2020,20201208,Belgium,EMEA,EU-WEST,Aetna,1002,Healthcare,SMB,FinanceHub,HC07ZAWH95,11.52,5,0.2,3.744
3671,EMEA-2020-129364,12/8/2020,20201208,Belgium,EMEA,EU-WEST,Aetna,1002,Healthcare,SMB,Support,SIOB447OJ9,10.368,2,0.2,3.6288
3672,EMEA-2020-129364,12/8/2020,20201208,Belgium,EMEA,EU-WEST,Aetna,1002,Healthcare,SMB,Marketing Suite - Gold,8ISCID6L3H,39.072,3,0.2,2.9304
3715,AMER-2020-135608,12/8/2020,20201208,Canada,AMER,NAMER,Intel,1051,Tech,SMB,Support,AXCYZWUN5B,45.68,2,0,21.0128
3716,AMER-2020-135608,12/8/2020,20201208,Canada,AMER,NAMER,Intel,1051,Tech,SMB,FinanceHub,R8DRGJRP77,603.92,5,0.2,45.294
9213,AMER-2020-144071,12/8/2020,20201208,United States,AMER,NAMER,Siemens,1043,Manufacturing,Strategic,SaaS Connector Pack,CQGYB60UC6,39.88,2,0,11.1664
9214,AMER-2020-144071,12/8/2020,20201208,United States,AMER,NAMER,Siemens,1043,Manufacturing,Strategic,SaaS Connector Pack,B33G5EW885,79.44,3,0,28.5984
889,AMER-2020-104976,12/9/2020,20201209,United States,AMER,NAMER,HSBC Holdings,1070,Finance,Strategic,Support,Y8I4MPITV2,34.68,6,0,16.9932
4565,AMER-2020-101175,12/9/2020,20201209,Chile,AMER,LATAM,Aetna,1002,Healthcare,Strategic,Marketing Suite - Gold,UTY4EXSMZS,100.704,6,0.2,-1.2588
7443,APJ-2020-109932,12/9/2020,20201209,Japan,APJ,JAPN,Bosch,1076,Tech,Strategic,Support,9OVBBXC6CY,10.688,2,0.2,3.7408
7444,APJ-2020-109932,12/9/2020,20201209,Japan,APJ,JAPN,Bosch,1076,Tech,Strategic,Marketing Suite - Gold,Y3YQTIS6WA,237.096,3,0.2,20.7459
7852,APJ-2020-169649,12/9/2020,20201209,Australia,APJ,ANZ,HSBC Holdings,1070,Finance,Strategic,Support,O0VO5SQJMU,8.448,2,0.2,2.9568
7853,APJ-2020-169649,12/9/2020,20201209,Australia,APJ,ANZ,HSBC Holdings,1070,Finance,Strategic,OneView,ZNX5R56IP0,20.388,2,0.8,-53.0088
8123,EMEA-2020-138128,12/9/2020,20201209,France,EMEA,EU-WEST,Allianz,1080,Finance,SMB,SaaS Connector Pack - Gold,HYNDXQDEOO,30.672,3,0.2,9.585
8124,EMEA-2020-138128,12/9/2020,20201209,France,EMEA,EU-WEST,Allianz,1080,Finance,SMB,Alchemy,S867RJGNXK,1079.976,4,0.4,125.9972
873,EMEA-2020-148488,12/10/2020,20201210,United Kingdom,EMEA,UKIR,Wells Fargo,1099,Finance,SMB,Support,EL32202MOO,11.36,2,0,5.2256
874,EMEA-2020-148488,12/10/2020,20201210,United Kingdom,EMEA,UKIR,Wells Fargo,1099,Finance,SMB,ContactMatcher,1BC1LYMW2V,106.344,7,0.2,37.2204
5999,APJ-2020-112991,12/10/2020,20201210,Taiwan,APJ,APAC,State Farm Insurance Cos.,1082,Finance,Strategic,FinanceHub,ZWJ4Q2ONXT,338.352,3,0.2,4.2294
6000,APJ-2020-112991,12/10/2020,20201210,Taiwan,APJ,APAC,State Farm Insurance Cos.,1082,Finance,Strategic,Support,EFHL2TYF5L,25.92,4,0,12.4416
6001,APJ-2020-112991,12/10/2020,20201210,Taiwan,APJ,APAC,State Farm Insurance Cos.,1082,Finance,Strategic,Support,CE6NY785PK,91.36,4,0,42.0256
1246,AMER-2020-168494,12/12/2020,20201212,United States,AMER,NAMER,HSBC Holdings,1070,Finance,SMB,ContactMatcher,V98AO5LXKC,764.688,6,0.2,95.586
1247,AMER-2020-168494,12/12/2020,20201212,United States,AMER,NAMER,HSBC Holdings,1070,Finance,SMB,ContactMatcher,H50HJAGOXG,3610.848,12,0.2,135.4068
1248,AMER-2020-168494,12/12/2020,20201212,United States,AMER,NAMER,HSBC Holdings,1070,Finance,SMB,Marketing Suite,4W3P5G3XWW,254.9745,3,0.15,11.9988
2149,AMER-2020-141607,12/12/2020,20201212,United States,AMER,NAMER,ConocoPhillips,1024,Energy,SMB,SaaS Connector Pack,W5U8IY01WW,43.31,1,0,4.331
3142,APJ-2020-122959,12/12/2020,20201212,Japan,APJ,JAPN,Sony,1028,Tech,Strategic,ContactMatcher,LL4M4SVFK0,210.392,2,0.8,-336.6272
4854,AMER-2020-113320,12/12/2020,20201212,United States,AMER,NAMER,Cigna,1038,Healthcare,SMB,SaaS Connector Pack,93MXNGYGZC,12.54,3,0,4.5144
4855,AMER-2020-113320,12/12/2020,20201212,United States,AMER,NAMER,Cigna,1038,Healthcare,SMB,Marketing Suite - Gold,U2GY1EUEEH,8.94,3,0,0.6258
4856,AMER-2020-113320,12/12/2020,20201212,United States,AMER,NAMER,Cigna,1038,Healthcare,SMB,SaaS Connector Pack,3QSU42KVGH,9.24,3,0,4.4352
5486,EMEA-2020-107573,12/12/2020,20201212,Germany,EMEA,EU-WEST,American Express,1005,Finance,SMB,SaaS Connector Pack - Gold,2XM4OHWOPA,23.472,3,0.2,7.6284
2492,AMER-2020-113579,12/13/2020,20201213,United States,AMER,NAMER,Valero Energy,1093,Energy,SMB,Support,A5TEE0E6WM,90.24,6,0,41.5104
3592,APJ-2020-154186,12/13/2020,20201213,Japan,APJ,JAPN,Microsoft,1066,Tech,SMB,Support,RG5KJX159Y,2.92,1,0.2,0.365
4226,APJ-2020-102631,12/13/2020,20201213,Australia,APJ,ANZ,Siemens,1043,Manufacturing,Strategic,SaaS Connector Pack,ZC393QSNAT,94.428,3,0.6,-42.4926
6002,AMER-2020-124079,12/13/2020,20201213,Chile,AMER,LATAM,Verizon Communications,1094,Communications,Strategic,SaaS Connector Pack,TJJG9KHT7Z,87.96,3,0.2,7.6965
6003,AMER-2020-124079,12/13/2020,20201213,Chile,AMER,LATAM,Verizon Communications,1094,Communications,Strategic,ContactMatcher,IBFK7MOADR,5.214,2,0.7,-4.1712
8640,EMEA-2020-129819,12/13/2020,20201213,Ireland,EMEA,UKIR,Bank of America Corp.,1011,Finance,Strategic,ContactMatcher,8OCOTN777N,12.39,3,0,5.8233
1973,APJ-2020-148950,12/14/2020,20201214,Australia,APJ,ANZ,Walmart,1096,Retail,SMB,ContactMatcher,Z7UXJTL6O7,5.104,4,0.8,-8.6768
1974,APJ-2020-148950,12/14/2020,20201214,Australia,APJ,ANZ,Walmart,1096,Retail,SMB,Storage,JSUV3XPNDZ,2.896,2,0.2,0.4706
1975,APJ-2020-148950,12/14/2020,20201214,Australia,APJ,ANZ,Walmart,1096,Retail,SMB,Data Smasher,0AKDEJJB20,35.016,3,0.2,-2.1885
5106,EMEA-2020-116568,12/14/2020,20201214,Germany,EMEA,EU-WEST,Daimler,1052,Transportation,SMB,FinanceHub,62WI6GMZZ8,186.304,4,0.2,13.9728
5703,AMER-2020-123519,12/14/2020,20201214,Mexico,AMER,LATAM,Comcast,1022,Communications,SMB,ChatBot Plugin,UN96T29GFU,2.624,1,0.2,0.2952
5704,AMER-2020-123519,12/14/2020,20201214,Mexico,AMER,LATAM,Comcast,1022,Communications,SMB,ContactMatcher,KM2LQK0IT8,136.53,1,0.4,-52.3365
5705,AMER-2020-123519,12/14/2020,20201214,Mexico,AMER,LATAM,Comcast,1022,Communications,SMB,Data Smasher,WXJAB9NS20,263.96,1,0.2,42.8935
6627,EMEA-2020-145541,12/14/2020,20201214,United Kingdom,EMEA,UKIR,Johnson & Johnson,1055,Healthcare,SMB,Big Ol Database,IWVABNLFJB,6999.96,4,0,2239.9872
9512,APJ-2020-130575,12/14/2020,20201214,Australia,APJ,ANZ,HSBC Holdings,1070,Finance,Strategic,ContactMatcher,YGHQWPTFYV,9.264,3,0.8,-13.896
1575,APJ-2020-101602,12/15/2020,20201215,Japan,APJ,JAPN,PepsiCo,1073,Consumer Products,SMB,Site Analytics,K8JBFVKBQ4,40.68,3,0.2,-9.153
1576,APJ-2020-101602,12/15/2020,20201215,Japan,APJ,JAPN,PepsiCo,1073,Consumer Products,SMB,FinanceHub,YJJ2G10HJX,763.28,5,0.3,-21.808
5584,AMER-2020-116673,12/15/2020,20201215,United States,AMER,NAMER,ConocoPhillips,1024,Energy,SMB,SaaS Connector Pack,PFNPL5F9NX,6.16,2,0,1.9712
7007,APJ-2020-119466,12/15/2020,20201215,Australia,APJ,ANZ,AT&T,1010,Communications,Strategic,SaaS Connector Pack,201RY3CO8Y,8.544,2,0.6,-7.476
7484,EMEA-2020-129938,12/15/2020,20201215,France,EMEA,EU-WEST,Verizon Communications,1094,Communications,Strategic,FinanceHub,117J71X4HD,445.802,7,0.3,-108.2662
2606,EMEA-2020-112718,12/16/2020,20201216,Germany,EMEA,EU-WEST,Mondelez International,1067,Consumer Products,Strategic,ContactMatcher,MB208WE3TU,1.167,1,0.7,-0.8558
3129,AMER-2020-136399,12/16/2020,20201216,United States,AMER,NAMER,Apple,1008,Tech,Enterprise,SaaS Connector Pack,0CSFW8FVIH,44.46,2,0,14.6718
3130,AMER-2020-136399,12/16/2020,20201216,United States,AMER,NAMER,Apple,1008,Tech,Enterprise,FinanceHub,PA4HXJKHVM,241.568,2,0.2,18.1176
3131,AMER-2020-136399,12/16/2020,20201216,United States,AMER,NAMER,Apple,1008,Tech,Enterprise,Data Smasher,NG20V7KMJH,395,5,0,39.5
3132,AMER-2020-136399,12/16/2020,20201216,United States,AMER,NAMER,Apple,1008,Tech,Enterprise,Site Analytics,PNMXXIV0BT,627.168,4,0.2,70.5564
3769,EMEA-2020-153913,12/16/2020,20201216,Germany,EMEA,EU-WEST,Carrefour,1048,Retail,Strategic,FinanceHub,BMZH9ZCQ93,1013.832,9,0.2,101.3832
3770,EMEA-2020-153913,12/16/2020,20201216,Germany,EMEA,EU-WEST,Carrefour,1048,Retail,Strategic,Storage,7UZ672K9LZ,1.984,2,0.2,0.6696
4713,APJ-2020-108273,12/16/2020,20201216,Japan,APJ,JAPN,Kroger,1057,Retail,SMB,Support,PITJO02JSD,36.288,7,0.2,12.7008
4714,APJ-2020-108273,12/16/2020,20201216,Japan,APJ,JAPN,Kroger,1057,Retail,SMB,SaaS Connector Pack,XMQJ1NRY59,56.568,2,0.6,-74.9526
4886,AMER-2020-151379,12/16/2020,20201216,Brazil,AMER,LATAM,Fannie Mae,1035,Finance,Strategic,Support,Q96EWEKE67,114.2,5,0,52.532
6918,AMER-2020-124247,12/16/2020,20201216,United States,AMER,NAMER,Glencore,1083,Misc,Strategic,FinanceHub,W9WNGZZL1P,1403.92,5,0.2,70.196
9020,EMEA-2020-100706,12/16/2020,20201216,Spain,EMEA,EU-WEST,Johnson & Johnson,1055,Healthcare,SMB,Data Smasher,PZUZCLSQ0L,99.98,2,0,7.9984
9021,EMEA-2020-100706,12/16/2020,20201216,Spain,EMEA,EU-WEST,Johnson & Johnson,1055,Healthcare,SMB,SaaS Connector Pack,2SH39PUSFQ,29.46,6,0,9.7218
9831,APJ-2020-113257,12/16/2020,20201216,Japan,APJ,JAPN,Comcast,1022,Communications,SMB,Data Smasher,SMI0EZ702J,319.968,4,0.2,95.9904
9832,APJ-2020-113257,12/16/2020,20201216,Japan,APJ,JAPN,Comcast,1022,Communications,SMB,SaaS Connector Pack,FXBHDP07EA,8.624,7,0.6,-2.5872
1495,EMEA-2020-123925,12/17/2020,20201217,Finland,EMEA,NOR,J.P. Morgan Chase & Co.,1054,Finance,SMB,ChatBot Plugin,1CGQ6DKNPD,40.05,3,0,11.214
4420,AMER-2020-139633,12/17/2020,20201217,Mexico,AMER,LATAM,Chevron,1017,Energy,SMB,ContactMatcher,CQ2W83K6RS,5.484,4,0.7,-4.0216
435,EMEA-2020-150574,12/19/2020,20201219,Germany,EMEA,EU-WEST,CVS Health,1026,Retail,SMB,ContactMatcher,T755MPWHPG,4.812,2,0.7,-3.6892
436,EMEA-2020-150574,12/19/2020,20201219,Germany,EMEA,EU-WEST,CVS Health,1026,Retail,SMB,Data Smasher,LWEKYP9MW7,247.8,5,0.2,-18.585
1432,EMEA-2020-120768,12/19/2020,20201219,Portugal,EMEA,EU-WEST,Microsoft,1066,Tech,SMB,ContactMatcher,EVPU4JFPRO,152.76,6,0,74.8524
1433,EMEA-2020-120768,12/19/2020,20201219,Portugal,EMEA,EU-WEST,Microsoft,1066,Tech,SMB,Support,RXOL95NDQV,7.27,1,0,1.9629
1434,EMEA-2020-120768,12/19/2020,20201219,Portugal,EMEA,EU-WEST,Microsoft,1066,Tech,SMB,FinanceHub,KJSITOK8X9,1819.86,14,0,163.7874
8793,AMER-2020-162992,12/19/2020,20201219,United States,AMER,NAMER,Mitsubishi,1050,Manufacturing,Strategic,FinanceHub,0YAN9TV96T,14.62,2,0,6.8714
8794,AMER-2020-162992,12/19/2020,20201219,United States,AMER,NAMER,Mitsubishi,1050,Manufacturing,Strategic,Storage,WS3NXOR9U4,22.55,5,0,8.7945
8795,AMER-2020-162992,12/19/2020,20201219,United States,AMER,NAMER,Mitsubishi,1050,Manufacturing,Strategic,Site Analytics,ESGX7ADXKS,583.8,5,0.2,72.975
8796,AMER-2020-162992,12/19/2020,20201219,United States,AMER,NAMER,Mitsubishi,1050,Manufacturing,Strategic,Site Analytics,TA2F143HQ3,211.168,4,0.2,15.8376
9522,APJ-2020-169446,12/19/2020,20201219,Australia,APJ,ANZ,Nissan Motor,1098,Transportation,SMB,Site Analytics,TZDXJA1HZF,323.976,3,0.2,36.4473
9523,APJ-2020-169446,12/19/2020,20201219,Australia,APJ,ANZ,Nissan Motor,1098,Transportation,SMB,Support,TE1C5AT2VM,15.552,3,0.2,5.4432
9524,APJ-2020-169446,12/19/2020,20201219,Australia,APJ,ANZ,Nissan Motor,1098,Transportation,SMB,Marketing Suite - Gold,2I1PNHJ6OQ,32.592,3,0.2,-7.7406
1155,EMEA-2020-136567,12/20/2020,20201220,Spain,EMEA,EU-WEST,Costco Wholesale,1025,Retail,Enterprise,Marketing Suite - Gold,2HVGLU4UY0,122.48,2,0,0
1156,EMEA-2020-136567,12/20/2020,20201220,Spain,EMEA,EU-WEST,Costco Wholesale,1025,Retail,Enterprise,ContactMatcher,OOV5SJENIJ,2244.48,7,0,493.7856
1157,EMEA-2020-136567,12/20/2020,20201220,Spain,EMEA,EU-WEST,Costco Wholesale,1025,Retail,Enterprise,ContactMatcher,FBSAYH8743,62.31,3,0,29.2857
1158,EMEA-2020-136567,12/20/2020,20201220,Spain,EMEA,EU-WEST,Costco Wholesale,1025,Retail,Enterprise,ContactMatcher,71JZEBPPAG,455.1,2,0,100.122
3150,AMER-2020-109036,12/20/2020,20201220,Canada,AMER,NAMER,Amazon,1004,Tech,SMB,FinanceHub,0JRIZOOONV,31.05,3,0,14.904
3320,EMEA-2020-134551,12/20/2020,20201220,South Africa,EMEA,MEA,Johnson & Johnson,1055,Healthcare,SMB,OneView,83RHUPVES5,43.512,7,0.2,3.8073
3321,EMEA-2020-134551,12/20/2020,20201220,South Africa,EMEA,MEA,Johnson & Johnson,1055,Healthcare,SMB,FinanceHub,YOPLN3KNDY,662.88,3,0.2,74.574
3322,EMEA-2020-134551,12/20/2020,20201220,South Africa,EMEA,MEA,Johnson & Johnson,1055,Healthcare,SMB,Support,1M37GKVQ80,25.92,5,0.2,9.072
3643,AMER-2020-156594,12/20/2020,20201220,United States,AMER,NAMER,Allstate,1003,Finance,SMB,ContactMatcher,CNIC0116E3,487.984,2,0.2,152.495
3644,AMER-2020-156594,12/20/2020,20201220,United States,AMER,NAMER,Allstate,1003,Finance,SMB,ChatBot Plugin,JZVW1MRM1K,47.3,2,0,12.298
3645,AMER-2020-156594,12/20/2020,20201220,United States,AMER,NAMER,Allstate,1003,Finance,SMB,ChatBot Plugin,1ECIG15O5S,4.13,1,0,1.1564
3646,AMER-2020-156594,12/20/2020,20201220,United States,AMER,NAMER,Allstate,1003,Finance,SMB,ContactMatcher,7E9D7FNFJ5,155.12,5,0.2,50.414
3859,EMEA-2020-140816,12/20/2020,20201220,Russia,EMEA,EU-EAST,Bank of America Corp.,1011,Finance,SMB,Data Smasher,TWEKIV8JT8,447.944,7,0.2,89.5888
4283,APJ-2020-103100,12/20/2020,20201220,India,APJ,IND,Valero Energy,1093,Energy,SMB,FinanceHub,3STT5YXTLK,3.69,1,0,1.7343
4284,APJ-2020-103100,12/20/2020,20201220,India,APJ,IND,Valero Energy,1093,Energy,SMB,ContactMatcher,Y5AUNMNF1Q,1103.97,3,0,496.7865
4419,AMER-2020-160157,12/20/2020,20201220,Mexico,AMER,LATAM,Siemens,1043,Manufacturing,SMB,SaaS Connector Pack,535BU921B6,190.848,3,0.2,-21.4704
4690,AMER-2020-138681,12/20/2020,20201220,Chile,AMER,LATAM,Johnson & Johnson,1055,Healthcare,SMB,SaaS Connector Pack,1UKX9RUKR0,51.968,2,0.2,10.3936
4691,AMER-2020-138681,12/20/2020,20201220,Chile,AMER,LATAM,Johnson & Johnson,1055,Healthcare,SMB,Data Smasher,A22720G6PP,71.976,3,0.2,21.5928
4692,AMER-2020-138681,12/20/2020,20201220,Chile,AMER,LATAM,Johnson & Johnson,1055,Healthcare,SMB,FinanceHub,1LJQTUG48P,242.352,3,0.2,-42.4116
4693,AMER-2020-138681,12/20/2020,20201220,Chile,AMER,LATAM,Johnson & Johnson,1055,Healthcare,SMB,Support,KIJ3YDQLKA,221.92,5,0.2,77.672
4694,AMER-2020-138681,12/20/2020,20201220,Chile,AMER,LATAM,Johnson & Johnson,1055,Healthcare,SMB,Support,7L5VYC7S3A,8.448,2,0.2,2.64
6107,APJ-2020-120852,12/20/2020,20201220,Japan,APJ,JAPN,ConocoPhillips,1024,Energy,SMB,OneView,LN933UKJFY,19.432,2,0.8,-49.5516
6108,APJ-2020-120852,12/20/2020,20201220,Japan,APJ,JAPN,ConocoPhillips,1024,Energy,SMB,Data Smasher,H18X3Y41B8,65.44,5,0.2,-8.18
7339,EMEA-2020-163412,12/20/2020,20201220,United Kingdom,EMEA,UKIR,Sony,1028,Tech,Strategic,FinanceHub,9ZXTQVVOPD,192.186,3,0.1,36.3018
5639,AMER-2020-154893,12/21/2020,20201221,United States,AMER,NAMER,Honda Motor,1045,Manufacturing,SMB,FinanceHub,W2JG4OD61P,1325.76,6,0.2,149.148
5640,AMER-2020-154893,12/21/2020,20201221,United States,AMER,NAMER,Honda Motor,1045,Manufacturing,SMB,FinanceHub,D9MAK5Y0RL,572.16,3,0.2,35.76
6243,EMEA-2020-134621,12/21/2020,20201221,South Africa,EMEA,MEA,Apple,1008,Tech,Enterprise,ContactMatcher,YP0OAN6S6T,18.24,2,0.7,-14.592
9465,APJ-2020-109127,12/21/2020,20201221,Philippines,APJ,APAC,Mitsubishi,1050,Manufacturing,SMB,FinanceHub,QYZEM319B2,17.28,6,0,7.9488
6146,AMER-2020-133543,12/22/2020,20201222,United States,AMER,NAMER,Cigna,1038,Healthcare,SMB,ChatBot Plugin,NNPM2AJ1JU,11.76,4,0,3.1752
6529,EMEA-2020-146864,12/22/2020,20201222,United Kingdom,EMEA,UKIR,Prudential Financial,1078,Finance,Enterprise,Marketing Suite - Gold,TZ2OAISO9C,216.4,4,0,56.264
6915,APJ-2020-142510,12/22/2020,20201222,Australia,APJ,ANZ,HSBC Holdings,1070,Finance,SMB,Marketing Suite - Gold,9HY1LJ2686,132.16,1,0.2,9.912
6916,APJ-2020-142510,12/22/2020,20201222,Australia,APJ,ANZ,HSBC Holdings,1070,Finance,SMB,ContactMatcher,9AO43ZETAF,17.904,6,0.8,-31.332
6917,APJ-2020-142510,12/22/2020,20201222,Australia,APJ,ANZ,HSBC Holdings,1070,Finance,SMB,Support,CGBO6ZJAGM,124.032,4,0.2,44.9616
9724,EMEA-2020-101364,12/22/2020,20201222,United Kingdom,EMEA,UKIR,Johnson & Johnson,1055,Healthcare,Enterprise,ContactMatcher,X7938S8JP8,296.712,13,0.2,100.1403
3213,APJ-2020-142314,12/23/2020,20201223,India,APJ,IND,Morgan Stanley,1068,Finance,SMB,OneView,F02QUBZLG2,207.24,11,0,58.0272
3980,EMEA-2020-114517,12/23/2020,20201223,United Kingdom,EMEA,UKIR,Huawei,1086,Tech,Strategic,ContactMatcher,CRG2LLVSR7,53.316,2,0.4,-19.5492
3981,EMEA-2020-114517,12/23/2020,20201223,United Kingdom,EMEA,UKIR,Huawei,1086,Tech,Strategic,OneView,USFHFLJIAY,56.52,3,0,15.8256
7005,APJ-2020-126333,12/23/2020,20201223,Japan,APJ,JAPN,Johnson & Johnson,1055,Healthcare,Strategic,Support,JYX7AP77CA,5.184,1,0.2,1.8144
9380,EMEA-2020-154158,12/23/2020,20201223,Germany,EMEA,EU-WEST,Goldman Sachs Group,1042,Finance,SMB,Support,5KCI7OHH2A,45.528,3,0.2,15.9348
9381,EMEA-2020-154158,12/23/2020,20201223,Germany,EMEA,EU-WEST,Goldman Sachs Group,1042,Finance,SMB,FinanceHub,8IE55T3VYJ,64.784,1,0.2,6.4784
9382,EMEA-2020-154158,12/23/2020,20201223,Germany,EMEA,EU-WEST,Goldman Sachs Group,1042,Finance,SMB,Marketing Suite - Gold,VZGGRJDRL7,424.272,2,0.2,-10.6068
9383,EMEA-2020-154158,12/23/2020,20201223,Germany,EMEA,EU-WEST,Goldman Sachs Group,1042,Finance,SMB,ChatBot Plugin,120KSE5ZG6,1.344,1,0.2,0.504
9384,EMEA-2020-154158,12/23/2020,20201223,Germany,EMEA,EU-WEST,Goldman Sachs Group,1042,Finance,SMB,Marketing Suite - Gold,6N7IH3KL89,83.92,5,0.2,-1.049
403,EMEA-2020-113166,12/24/2020,20201224,Germany,EMEA,EU-WEST,Bosch,1076,Tech,SMB,Support,JVCY2WXTGA,9.568,2,0.2,3.4684
669,AMER-2020-156314,12/24/2020,20201224,Mexico,AMER,LATAM,Tyson Foods,1088,Consumer Products,SMB,SaaS Connector Pack,SOMW5T41GD,30.36,5,0.2,8.7285
1267,AMER-2020-167738,12/24/2020,20201224,United States,AMER,NAMER,Itochu,1032,Finance,Strategic,Marketing Suite - Gold,GD5KUPA1NP,142.86,1,0,41.4294
1268,AMER-2020-167738,12/24/2020,20201224,United States,AMER,NAMER,Itochu,1032,Finance,Strategic,FinanceHub,RTBF5RTN9X,292.272,6,0.2,18.267
4504,AMER-2020-138247,12/24/2020,20201224,United States,AMER,NAMER,Cisco Systems,1019,Tech,Enterprise,Site Analytics,GFZCGDW3K5,173.656,7,0.2,17.3656
4505,AMER-2020-138247,12/24/2020,20201224,United States,AMER,NAMER,Cisco Systems,1019,Tech,Enterprise,OneView,2GR9AGKVXA,361.96,2,0,101.3488
4506,AMER-2020-138247,12/24/2020,20201224,United States,AMER,NAMER,Cisco Systems,1019,Tech,Enterprise,Data Smasher,Z09EAU1S7S,62.85,3,0,13.1985
4507,AMER-2020-138247,12/24/2020,20201224,United States,AMER,NAMER,Cisco Systems,1019,Tech,Enterprise,Site Analytics,EQSK1T5Z3K,818.376,3,0.2,51.1485
4508,AMER-2020-138247,12/24/2020,20201224,United States,AMER,NAMER,Cisco Systems,1019,Tech,Enterprise,Marketing Suite - Gold,6HD8PM36V1,20.34,1,0,0.2034
4509,AMER-2020-138247,12/24/2020,20201224,United States,AMER,NAMER,Cisco Systems,1019,Tech,Enterprise,SaaS Connector Pack,RW4T7KMFFH,23.99,1,0,5.5177
8949,AMER-2020-132913,12/24/2020,20201224,United States,AMER,NAMER,Morgan Stanley,1068,Finance,SMB,OneView,2UEDQNFASV,13.97,1,0,3.6322
125,APJ-2020-152030,12/26/2020,20201226,Japan,APJ,JAPN,FedEx,1036,Transportation,Enterprise,FinanceHub,CL5Z5BO4AX,600.558,3,0.3,-8.5794
294,EMEA-2020-111451,12/26/2020,20201226,Russia,EMEA,EU-EAST,Merck,1064,Healthcare,Strategic,SaaS Connector Pack,113Z30O0UU,300.416,8,0.2,78.8592
295,EMEA-2020-111451,12/26/2020,20201226,Russia,EMEA,EU-EAST,Merck,1064,Healthcare,Strategic,FinanceHub,VXLULH6T3H,230.352,3,0.2,20.1558
296,EMEA-2020-111451,12/26/2020,20201226,Russia,EMEA,EU-EAST,Merck,1064,Healthcare,Strategic,SaaS Connector Pack,5CCS4F9IG5,218.352,3,0.2,-24.5646
297,EMEA-2020-111451,12/26/2020,20201226,Russia,EMEA,EU-EAST,Merck,1064,Healthcare,Strategic,ContactMatcher,BEPZ00Z149,78.6,5,0.7,-62.88
298,EMEA-2020-111451,12/26/2020,20201226,Russia,EMEA,EU-EAST,Merck,1064,Healthcare,Strategic,Storage,2Y0EVHZ2EE,27.552,3,0.2,9.2988
622,APJ-2020-111171,12/26/2020,20201226,Australia,APJ,ANZ,Procter & Gamble,1077,Consumer Products,SMB,ContactMatcher,MH1KLKB60M,8.69,5,0.8,-14.773
3293,AMER-2020-106264,12/26/2020,20201226,United States,AMER,NAMER,Airbus,1030,Manufacturing,SMB,Support,63G7MGTNBC,11.91,3,0,0.1191
3294,AMER-2020-106264,12/26/2020,20201226,United States,AMER,NAMER,Airbus,1030,Manufacturing,SMB,SaaS Connector Pack,XA4SV4Y5PB,3.48,2,0,1.1136
4816,EMEA-2020-139598,12/26/2020,20201226,France,EMEA,EU-WEST,Comcast,1022,Communications,SMB,Support,BBW5W987DN,18.264,3,0.2,6.1641
4817,EMEA-2020-139598,12/26/2020,20201226,France,EMEA,EU-WEST,Comcast,1022,Communications,SMB,OneView,DG4RXARY6C,34.656,2,0.2,5.6316
4818,EMEA-2020-139598,12/26/2020,20201226,France,EMEA,EU-WEST,Comcast,1022,Communications,SMB,OneView,SNI7YRKPWQ,81.552,2,0.2,8.1552
4819,EMEA-2020-139598,12/26/2020,20201226,France,EMEA,EU-WEST,Comcast,1022,Communications,SMB,Marketing Suite - Gold,L3MMYORDML,227.136,4,0.2,-42.588
7344,EMEA-2020-168473,12/26/2020,20201226,United Kingdom,EMEA,UKIR,Intel,1051,Tech,SMB,Marketing Suite - Gold,QTY5L5CNRD,191.88,6,0,19.188
8690,EMEA-2020-101427,12/26/2020,20201226,France,EMEA,EU-WEST,Panasonic,1091,Tech,Strategic,ChatBot Plugin,OK5XOWYB4B,8.016,3,0.2,1.1022
1177,AMER-2020-120243,12/27/2020,20201227,United States,AMER,NAMER,Fannie Mae,1035,Finance,Enterprise,FinanceHub,LY82JGPO5Y,11.56,4,0,5.4332
2967,APJ-2020-162866,12/27/2020,20201227,Australia,APJ,ANZ,Walt Disney,1097,Communications,SMB,SaaS Connector Pack,KVH1P5KE54,32.952,6,0.6,-19.7712
2968,APJ-2020-162866,12/27/2020,20201227,Australia,APJ,ANZ,Walt Disney,1097,Communications,SMB,Marketing Suite - Gold,6VLUQWV5WE,30.016,4,0.2,3.0016
4553,AMER-2020-106334,12/27/2020,20201227,United States,AMER,NAMER,J.P. Morgan Chase & Co.,1054,Finance,SMB,FinanceHub,2R6IGHEAKB,230.28,3,0.2,23.028
4554,AMER-2020-106334,12/27/2020,20201227,United States,AMER,NAMER,J.P. Morgan Chase & Co.,1054,Finance,SMB,Support,57OGR39UH8,12.84,3,0,5.778
6132,EMEA-2020-163447,12/27/2020,20201227,United Kingdom,EMEA,UKIR,Panasonic,1091,Tech,Enterprise,FinanceHub,N4564SNLT6,767.214,14,0.1,161.9674
7776,AMER-2020-166961,12/27/2020,20201227,United States,AMER,NAMER,Carrefour,1048,Retail,Enterprise,OneView,K5WZUTGIVD,10.98,1,0,2.9646
7777,AMER-2020-166961,12/27/2020,20201227,United States,AMER,NAMER,Carrefour,1048,Retail,Enterprise,Storage,Q6C88KL7C4,7.86,3,0,3.6156
7778,AMER-2020-166961,12/27/2020,20201227,United States,AMER,NAMER,Carrefour,1048,Retail,Enterprise,Marketing Suite - Gold,UFBZ4EDIIC,51.45,3,0,13.8915
7779,AMER-2020-166961,12/27/2020,20201227,United States,AMER,NAMER,Carrefour,1048,Retail,Enterprise,ContactMatcher,PP1391GUEQ,37.056,3,0.2,13.896
8338,EMEA-2020-153087,12/27/2020,20201227,Portugal,EMEA,EU-WEST,Coca-Cola,1021,Consumer Products,Strategic,Support,ED457624L8,23.92,4,0,11.7208
8339,EMEA-2020-153087,12/27/2020,20201227,Portugal,EMEA,EU-WEST,Coca-Cola,1021,Consumer Products,Strategic,Data Smasher,X6XMWUP4NS,498,5,0,184.26
8372,APJ-2020-165393,12/27/2020,20201227,Japan,APJ,JAPN,Itochu,1032,Finance,SMB,ContactMatcher,S3TX1TB7NA,4.984,1,0.8,-8.4728
8671,AMER-2020-159611,12/27/2020,20201227,Mexico,AMER,LATAM,Morgan Stanley,1068,Finance,SMB,SaaS Connector Pack,DH3VRH6OKJ,182.352,3,0.2,-18.2352
8672,AMER-2020-159611,12/27/2020,20201227,Mexico,AMER,LATAM,Morgan Stanley,1068,Finance,SMB,Marketing Suite - Gold,ZZGIFGODFG,118.16,2,0.2,-25.109
9232,AMER-2020-148383,12/27/2020,20201227,Chile,AMER,LATAM,Tyson Foods,1088,Consumer Products,SMB,ContactMatcher,32A9029Q53,946.764,6,0.7,-694.2936
317,EMEA-2020-164259,12/28/2020,20201228,France,EMEA,EU-WEST,AT&T,1010,Communications,Strategic,ChatBot Plugin,S1F55BUKX3,99.136,4,0.2,8.6744
6296,APJ-2020-141313,12/28/2020,20201228,South Korea,APJ,APAC,Airbus,1030,Manufacturing,Strategic,OneView,C0ZNG7LYBS,1737.18,6,0,503.7822
6297,APJ-2020-141313,12/28/2020,20201228,South Korea,APJ,APAC,Airbus,1030,Manufacturing,Strategic,Marketing Suite - Gold,7Q5Q28KC7V,704.25,5,0,84.51
6298,APJ-2020-141313,12/28/2020,20201228,South Korea,APJ,APAC,Airbus,1030,Manufacturing,Strategic,Support,WG4VEEG8LR,141.76,4,0,66.6272
9943,AMER-2020-143371,12/28/2020,20201228,United States,AMER,NAMER,Nestle,1089,Consumer Products,SMB,Marketing Suite - Gold,UPQPITMHDF,998.82,9,0,29.9646
9944,AMER-2020-143371,12/28/2020,20201228,United States,AMER,NAMER,Nestle,1089,Consumer Products,SMB,Support,CPVKK7VGRS,51.15,5,0,13.299
757,EMEA-2020-106803,12/29/2020,20201229,Luxembourg,EMEA,EU-WEST,Verizon Communications,1094,Communications,SMB,Marketing Suite - Gold,6E3J83WXDU,24.56,2,0,6.8768
758,EMEA-2020-106803,12/29/2020,20201229,Luxembourg,EMEA,EU-WEST,Verizon Communications,1094,Communications,SMB,Data Smasher,TYS86NYAUK,119.8,4,0,47.92
4038,AMER-2020-110786,12/29/2020,20201229,United States,AMER,NAMER,Nestle,1089,Consumer Products,Strategic,SaaS Connector Pack,NNOJ09XEFG,24.9,5,0,8.217
4039,AMER-2020-110786,12/29/2020,20201229,United States,AMER,NAMER,Nestle,1089,Consumer Products,Strategic,Support,BZCV6CQZTA,21.12,4,0,9.504
4040,AMER-2020-110786,12/29/2020,20201229,United States,AMER,NAMER,Nestle,1089,Consumer Products,Strategic,Big Ol Database,MIE3UIQ486,767.952,6,0.2,287.982
4041,AMER-2020-110786,12/29/2020,20201229,United States,AMER,NAMER,Nestle,1089,Consumer Products,Strategic,ContactMatcher,N4XYANZFWC,14.352,3,0.2,4.6644
4042,AMER-2020-110786,12/29/2020,20201229,United States,AMER,NAMER,Nestle,1089,Consumer Products,Strategic,Site Analytics,9RQNH80T8Z,191.976,3,0.2,19.1976
4043,AMER-2020-110786,12/29/2020,20201229,United States,AMER,NAMER,Nestle,1089,Consumer Products,Strategic,FinanceHub,IFH12Z4MW8,274.77,9,0,126.3942
4044,AMER-2020-110786,12/29/2020,20201229,United States,AMER,NAMER,Nestle,1089,Consumer Products,Strategic,SaaS Connector Pack,U1ZLAB0DKH,70.56,6,0,23.9904
4320,APJ-2020-152345,12/29/2020,20201229,New Zealand,APJ,ANZ,UnitedHealth Group,1092,Healthcare,SMB,Site Analytics,JJQX6GXY6D,23.976,3,0.2,-5.6943
4321,APJ-2020-152345,12/29/2020,20201229,New Zealand,APJ,ANZ,UnitedHealth Group,1092,Healthcare,SMB,Marketing Suite - Gold,VP949B0FWU,33.29,1,0,7.9896
5678,APJ-2020-126802,12/29/2020,20201229,Australia,APJ,ANZ,Volkswagen,1046,Manufacturing,SMB,SaaS Connector Pack,UBUGTUWCF9,38.976,3,0.6,-50.6688
7204,APJ-2020-118276,12/29/2020,20201229,Australia,APJ,ANZ,China National Petroleum,1023,Energy,Enterprise,SaaS Connector Pack,Q93KA0V79N,8.736,3,0.6,-4.8048
7693,AMER-2020-102330,12/29/2020,20201229,United States,AMER,NAMER,FedEx,1036,Transportation,SMB,FinanceHub,IBCEWAPIPN,88.8,6,0,44.4
7694,AMER-2020-102330,12/29/2020,20201229,United States,AMER,NAMER,FedEx,1036,Transportation,SMB,Site Analytics,3YHYFW9BPX,319.968,4,0.2,35.9964
9442,AMER-2020-165477,12/29/2020,20201229,Mexico,AMER,LATAM,Cisco Systems,1019,Tech,SMB,OneView,H8S7JNGMTN,48.36,5,0.2,6.045
306,AMER-2020-130960,12/30/2020,20201230,Brazil,AMER,LATAM,Nissan Motor,1098,Transportation,Strategic,ChatBot Plugin,3HW725HZ6V,9.84,3,0,2.8536
3305,APJ-2020-104738,12/30/2020,20201230,Japan,APJ,JAPN,Boeing,1014,Manufacturing,Strategic,SaaS Connector Pack - Gold,YWDT0QODNQ,12.984,3,0.2,4.7067
3306,APJ-2020-104738,12/30/2020,20201230,Japan,APJ,JAPN,Boeing,1014,Manufacturing,Strategic,Site Analytics,Q79XWBG1VE,217.584,2,0.2,19.0386
3307,APJ-2020-104738,12/30/2020,20201230,Japan,APJ,JAPN,Boeing,1014,Manufacturing,Strategic,Site Analytics,PFI5ZC73YV,328.776,3,0.2,28.7679
3308,APJ-2020-104738,12/30/2020,20201230,Japan,APJ,JAPN,Boeing,1014,Manufacturing,Strategic,ContactMatcher,KAUSI29W88,2.286,3,0.8,-3.6576
3309,APJ-2020-104738,12/30/2020,20201230,Japan,APJ,JAPN,Boeing,1014,Manufacturing,Strategic,Data Smasher,GXO622W7JX,47.984,2,0.2,14.3952
3724,AMER-2020-169789,12/30/2020,20201230,Chile,AMER,LATAM,Samsung Electronics,1015,Tech,Strategic,ContactMatcher,FQD5Z1CN3D,551.985,5,0.7,-459.9875
6060,EMEA-2020-138072,12/30/2020,20201230,France,EMEA,EU-WEST,General Electric,1040,Finance,SMB,Data Smasher,63IQ94YD2Z,27.968,2,0.2,6.992
7359,EMEA-2020-115189,12/30/2020,20201230,France,EMEA,EU-WEST,Safeway,1079,Retail,Strategic,Site Analytics,63TT8SCKVY,251.964,6,0.4,-50.3928
7360,EMEA-2020-115189,12/30/2020,20201230,France,EMEA,EU-WEST,Safeway,1079,Retail,Strategic,ContactMatcher,YY9WOWNTFH,523.764,3,0.4,-192.0468
8265,EMEA-2020-131800,12/30/2020,20201230,United Kingdom,EMEA,UKIR,Oracle,1072,Tech,SMB,OneView,OWTPXJYI53,122.94,3,0,30.735
8266,EMEA-2020-131800,12/30/2020,20201230,United Kingdom,EMEA,UKIR,Oracle,1072,Tech,SMB,ContactMatcher,5436IMPUQ9,35.448,7,0.2,12.8499
8969,EMEA-2020-166730,12/30/2020,20201230,South Africa,EMEA,MEA,Aetna,1002,Healthcare,SMB,Marketing Suite - Gold,AGMB1G3Y6N,39.128,1,0.2,-8.8038
1546,EMEA-2020-150245,12/31/2020,20201231,United Kingdom,EMEA,UKIR,Wells Fargo,1099,Finance,Strategic,Marketing Suite,ICZGINXPX1,1573.488,7,0.2,196.686
2006,EMEA-2020-111150,12/31/2020,20201231,Poland,EMEA,EU-WEST,Chevron,1017,Energy,Strategic,ChatBot Plugin,LELA61X90C,29.68,7,0,11.5752
2007,EMEA-2020-111150,12/31/2020,20201231,Poland,EMEA,EU-WEST,Chevron,1017,Energy,Strategic,Data Smasher,MW9SZXAMYI,47.53,7,0,16.1602
2342,APJ-2020-143231,12/31/2020,20201231,South Korea,APJ,APAC,Fannie Mae,1035,Finance,Enterprise,SaaS Connector Pack,UOXY1HUTYU,63.2,5,0,23.384
2343,APJ-2020-143231,12/31/2020,20201231,South Korea,APJ,APAC,Fannie Mae,1035,Finance,Enterprise,Data Smasher,782XD8MDVV,113.97,3,0,27.3528
4559,APJ-2020-127383,12/31/2020,20201231,Japan,APJ,JAPN,Lukoil,1044,Energy,Strategic,SaaS Connector Pack - Gold,3J5S4EW8TC,49.568,2,0.2,17.9684
7678,EMEA-2020-133592,12/31/2020,20201231,Norway,EMEA,NOR,Walt Disney,1097,Communications,Enterprise,Support,ZODK8A4EAJ,195.64,4,0,91.9508
7679,EMEA-2020-133592,12/31/2020,20201231,Norway,EMEA,NOR,Walt Disney,1097,Communications,Enterprise,Support,XSS2HG46PU,14.94,3,0,7.0218
7680,EMEA-2020-133592,12/31/2020,20201231,Norway,EMEA,NOR,Walt Disney,1097,Communications,Enterprise,Data Smasher,BZ8FN9FOX3,1687.8,4,0,742.632
7681,EMEA-2020-133592,12/31/2020,20201231,Norway,EMEA,NOR,Walt Disney,1097,Communications,Enterprise,Marketing Suite,A5KVN07JRV,341.96,2,0,78.6508
7682,EMEA-2020-133592,12/31/2020,20201231,Norway,EMEA,NOR,Walt Disney,1097,Communications,Enterprise,FinanceHub,K2DOQS9Z34,605.88,6,0,151.47
8603,EMEA-2020-133949,12/31/2020,20201231,Israel,EMEA,EU-EAST,Oracle,1072,Tech,Enterprise,Site Analytics,NXCYBWTOEP,475.944,7,0.2,59.493
8804,EMEA-2020-157644,12/31/2020,20201231,United Kingdom,EMEA,UKIR,Abbott Laboratories,1001,Healthcare,Strategic,Data Smasher,CYEI771RDV,34.77,3,0,11.4741
8805,EMEA-2020-157644,12/31/2020,20201231,United Kingdom,EMEA,UKIR,Abbott Laboratories,1001,Healthcare,Strategic,FinanceHub,NNWAK8HNMF,18.9,3,0,8.694
213,AMER-2021-146262,1/2/2021,20210102,Mexico,AMER,LATAM,Tyson Foods,1088,Consumer Products,Strategic,FinanceHub,Q6MLHV1D9D,23.68,2,0.2,8.88
214,AMER-2021-146262,1/2/2021,20210102,Mexico,AMER,LATAM,Tyson Foods,1088,Consumer Products,Strategic,Marketing Suite,MU9RVQO7BD,452.45,5,0.5,-244.323
215,AMER-2021-146262,1/2/2021,20210102,Mexico,AMER,LATAM,Tyson Foods,1088,Consumer Products,Strategic,Site Analytics,0C52L60X3Z,62.982,3,0.4,-14.6958
216,AMER-2021-146262,1/2/2021,20210102,Mexico,AMER,LATAM,Tyson Foods,1088,Consumer Products,Strategic,Big Ol Database,A8KUCPEZPR,1188,9,0.7,-950.4
217,AMER-2021-146262,1/2/2021,20210102,Mexico,AMER,LATAM,Tyson Foods,1088,Consumer Products,Strategic,Data Smasher,K4MIGT0J7P,89.584,2,0.2,4.4792
2487,APJ-2021-104514,1/2/2021,20210102,Philippines,APJ,APAC,CVS Health,1026,Retail,Strategic,Marketing Suite - Gold,MCR46IX2YM,85.52,2,0,22.2352
2488,APJ-2021-104514,1/2/2021,20210102,Philippines,APJ,APAC,CVS Health,1026,Retail,Strategic,ChatBot Plugin,0WMK1WPBFI,9.84,3,0,2.6568
2489,APJ-2021-104514,1/2/2021,20210102,Philippines,APJ,APAC,CVS Health,1026,Retail,Strategic,Support,N6W9E06HSR,20.04,3,0,9.6192
3901,APJ-2021-121097,1/3/2021,20210103,Japan,APJ,JAPN,Pfizer,1074,Healthcare,Strategic,Support,3EOKPB04YN,10.368,2,0.2,3.6288
5054,APJ-2021-141243,1/3/2021,20210103,Japan,APJ,JAPN,Nissan Motor,1098,Transportation,SMB,Data Smasher,W23EIRVAHX,398.4,5,0.2,84.66
5055,APJ-2021-141243,1/3/2021,20210103,Japan,APJ,JAPN,Nissan Motor,1098,Transportation,SMB,ChatBot Plugin,PGOZSY4XQH,7.056,3,0.2,0.7938
5056,APJ-2021-141243,1/3/2021,20210103,Japan,APJ,JAPN,Nissan Motor,1098,Transportation,SMB,Marketing Suite,CUJG3OF0SQ,1352.3976,9,0.32,-437.5404
5349,EMEA-2021-149811,1/4/2021,20210104,Luxembourg,EMEA,EU-WEST,Bosch,1076,Tech,Strategic,ContactMatcher,375RGX010V,32.34,3,0,15.5232
5350,EMEA-2021-149811,1/4/2021,20210104,Luxembourg,EMEA,EU-WEST,Bosch,1076,Tech,Strategic,Support,7HM6EPXTHG,39.9,5,0,19.95
5647,EMEA-2021-104241,1/4/2021,20210104,Spain,EMEA,EU-WEST,China National Petroleum,1023,Energy,Strategic,SaaS Connector Pack,072Q6KWNJE,192.22,14,0,69.1992
4228,AMER-2021-154970,1/5/2021,20210105,Canada,AMER,NAMER,United Parcel Service,1090,Transportation,Enterprise,FinanceHub,56DYXMKHBF,61.584,1,0.2,-6.9282
7720,EMEA-2021-108588,1/5/2021,20210105,United Kingdom,EMEA,UKIR,Pfizer,1074,Healthcare,Strategic,ChatBot Plugin,OTFSKOH6ZL,59.52,3,0,15.4752
7721,EMEA-2021-108588,1/5/2021,20210105,United Kingdom,EMEA,UKIR,Pfizer,1074,Healthcare,Strategic,SaaS Connector Pack - Gold,J3X7Z17ZK4,17.48,2,0,8.2156
7722,EMEA-2021-108588,1/5/2021,20210105,United Kingdom,EMEA,UKIR,Pfizer,1074,Healthcare,Strategic,ContactMatcher,XCVZQFYE3K,13.168,2,0.2,4.6088
8375,AMER-2021-158701,1/5/2021,20210105,United States,AMER,NAMER,Oracle,1072,Tech,Enterprise,OneView,QBJPG50SZ4,87.36,6,0,23.5872
8376,AMER-2021-158701,1/5/2021,20210105,United States,AMER,NAMER,Oracle,1072,Tech,Enterprise,ContactMatcher,WZJJ8Y73X7,56.16,6,0.2,17.55
7717,EMEA-2021-149636,1/6/2021,20210106,Russia,EMEA,EU-EAST,Boeing,1014,Manufacturing,Strategic,Support,I6E695RG3B,29.6,5,0.2,9.25
7718,EMEA-2021-149636,1/6/2021,20210106,Russia,EMEA,EU-EAST,Boeing,1014,Manufacturing,Strategic,ContactMatcher,6IQA02MXNL,1.938,2,0.7,-1.3566
7091,EMEA-2021-119480,1/9/2021,20210109,Ireland,EMEA,UKIR,General Electric,1040,Finance,SMB,Support,VQ9WRXQLY8,106.32,3,0,49.9704
7092,EMEA-2021-119480,1/9/2021,20210109,Ireland,EMEA,UKIR,General Electric,1040,Finance,SMB,OneView,LI10MCUD2A,163.44,3,0,45.7632
7093,EMEA-2021-119480,1/9/2021,20210109,Ireland,EMEA,UKIR,General Electric,1040,Finance,SMB,ChatBot Plugin,0HMNGWJQ0D,42.76,2,0,11.1176
7094,EMEA-2021-119480,1/9/2021,20210109,Ireland,EMEA,UKIR,General Electric,1040,Finance,SMB,Support,RYAR9E0GEV,51.55,5,0,24.2285
1670,EMEA-2021-157154,1/10/2021,20210110,United Kingdom,EMEA,UKIR,Anthem,1029,Healthcare,SMB,ContactMatcher,I11LW22N9M,1018.104,4,0.4,-373.3048
5211,APJ-2021-156755,1/12/2021,20210112,Philippines,APJ,APAC,Bank of America Corp.,1011,Finance,Strategic,Marketing Suite - Gold,SV5EGQBG8T,465.18,3,0,120.9468
9797,AMER-2021-128608,1/12/2021,20210112,Mexico,AMER,LATAM,Amazon,1004,Tech,Strategic,ChatBot Plugin,KMJI8UKYKL,10.368,2,0.2,1.5552
9798,AMER-2021-128608,1/12/2021,20210112,Mexico,AMER,LATAM,Amazon,1004,Tech,Strategic,Site Analytics,02FNEL1YLO,235.188,2,0.4,-43.1178
9799,AMER-2021-128608,1/12/2021,20210112,Mexico,AMER,LATAM,Amazon,1004,Tech,Strategic,Site Analytics,VW3J8BP6EW,26.376,4,0.4,2.6376
9800,AMER-2021-128608,1/12/2021,20210112,Mexico,AMER,LATAM,Amazon,1004,Tech,Strategic,Data Smasher,2RRXME8EV3,10.384,2,0.2,2.2066
9801,AMER-2021-128608,1/12/2021,20210112,Mexico,AMER,LATAM,Amazon,1004,Tech,Strategic,Site Analytics,AGY5H8OE8A,107.118,3,0.4,-21.4236
4857,AMER-2021-137526,1/13/2021,20210113,United States,AMER,NAMER,American Express,1005,Finance,SMB,ContactMatcher,J5P9L1SBPZ,70.008,3,0.2,24.5028
4858,AMER-2021-137526,1/13/2021,20210113,United States,AMER,NAMER,American Express,1005,Finance,SMB,SaaS Connector Pack,34GU54YE5B,77.6,4,0,38.024
4859,AMER-2021-137526,1/13/2021,20210113,United States,AMER,NAMER,American Express,1005,Finance,SMB,SaaS Connector Pack,JJI21X7MHB,464.85,9,0,92.97
8535,EMEA-2021-169677,1/13/2021,20210113,Finland,EMEA,NOR,Sprint Nextel,1081,Communications,Strategic,FinanceHub,NG7O6LA4U7,9.82,2,0,4.8118
468,APJ-2021-101399,1/17/2021,20210117,Australia,APJ,ANZ,Exxon Mobil,1034,Energy,Enterprise,SaaS Connector Pack,BJ5FKY562X,254.744,7,0.6,-312.0614
5327,APJ-2021-152681,1/17/2021,20210117,South Korea,APJ,APAC,Marathon Petroleum,1061,Energy,Strategic,ChatBot Plugin,4P5T29BIVM,6.68,2,0,2.004
6067,EMEA-2021-151547,1/17/2021,20210117,South Africa,EMEA,MEA,Nissan Motor,1098,Transportation,SMB,Support,6ECENI53J4,88.96,8,0.2,10.008
6625,APJ-2021-141250,1/19/2021,20210119,Japan,APJ,JAPN,PepsiCo,1073,Consumer Products,SMB,ContactMatcher,BNDNLYOQ2Z,102.438,1,0.3,-13.1706
6626,APJ-2021-141250,1/19/2021,20210119,Japan,APJ,JAPN,PepsiCo,1073,Consumer Products,SMB,FinanceHub,8XPEQV04HF,199.304,4,0.3,-8.5416
2037,EMEA-2021-119214,1/23/2021,20210123,Netherlands,EMEA,EU-WEST,Pemex,1058,Energy,Enterprise,Support,4WTP1ECRBG,29.04,3,0,13.9392
2038,EMEA-2021-119214,1/23/2021,20210123,Netherlands,EMEA,EU-WEST,Pemex,1058,Energy,Enterprise,FinanceHub,OQB3HAGIUJ,14.62,2,0,6.8714
7834,EMEA-2021-128958,1/24/2021,20210124,Germany,EMEA,EU-WEST,Wells Fargo,1099,Finance,Enterprise,ChatBot Plugin,QRTAJOVLML,13.12,5,0.2,2.132
8909,AMER-2021-109603,1/26/2021,20210126,United States,AMER,NAMER,China National Petroleum,1023,Energy,Strategic,Support,C556R7QDQI,182.72,8,0,84.0512
2537,AMER-2021-168746,1/27/2021,20210127,Mexico,AMER,LATAM,Wells Fargo,1099,Finance,SMB,FinanceHub,2YG6RSPXFO,181.986,2,0.3,-54.5958
2538,AMER-2021-168746,1/27/2021,20210127,Mexico,AMER,LATAM,Wells Fargo,1099,Finance,SMB,Site Analytics,7A8I0U6YKD,431.976,4,0.4,-100.7944
2539,AMER-2021-168746,1/27/2021,20210127,Mexico,AMER,LATAM,Wells Fargo,1099,Finance,SMB,Site Analytics,EE0CIUTT8T,155.37,1,0.4,-36.253
9413,AMER-2021-164777,1/27/2021,20210127,United States,AMER,NAMER,Comcast,1022,Communications,SMB,FinanceHub,XHITNZSOP1,2803.92,5,0.2,0
9640,EMEA-2021-116638,1/28/2021,20210128,Sweden,EMEA,NOR,Morgan Stanley,1068,Finance,SMB,ContactMatcher,MENYXXSXEX,4297.644,13,0.4,-1862.3124
1713,APJ-2021-145401,1/30/2021,20210130,Japan,APJ,JAPN,UnitedHealth Group,1092,Healthcare,SMB,Support,Y4QWJ287KP,14.304,6,0.2,5.0064
2709,AMER-2021-121797,1/30/2021,20210130,United States,AMER,NAMER,Aetna,1002,Healthcare,SMB,SaaS Connector Pack,FJLCTY0JMC,227.36,7,0,81.8496
2710,AMER-2021-121797,1/30/2021,20210130,United States,AMER,NAMER,Aetna,1002,Healthcare,SMB,Big Ol Database,LXSP4GNI7N,1919.976,3,0.2,215.9973
93,EMEA-2021-149587,1/31/2021,20210131,Luxembourg,EMEA,EU-WEST,Morgan Stanley,1068,Finance,SMB,Support,XJEFE2O3YF,12.96,2,0,6.2208
94,EMEA-2021-149587,1/31/2021,20210131,Luxembourg,EMEA,EU-WEST,Morgan Stanley,1068,Finance,SMB,SaaS Connector Pack,5XEHT10HDW,53.34,3,0,16.5354
95,EMEA-2021-149587,1/31/2021,20210131,Luxembourg,EMEA,EU-WEST,Morgan Stanley,1068,Finance,SMB,ContactMatcher,U40N63E6AK,32.96,2,0,16.1504
808,AMER-2021-140921,2/3/2021,20210203,Costa Rica,AMER,LATAM,Comcast,1022,Communications,SMB,SaaS Connector Pack,JJM1SC1R9Q,28.4,2,0,11.076
809,AMER-2021-140921,2/3/2021,20210203,Costa Rica,AMER,LATAM,Comcast,1022,Communications,SMB,Data Smasher,IDE5VT4UNV,149.97,3,0,50.9898
1909,AMER-2021-157959,2/3/2021,20210203,United States,AMER,NAMER,Abbott Laboratories,1001,Healthcare,Strategic,SaaS Connector Pack,IZG42HVFUA,136.92,4,0,41.076
7062,EMEA-2021-132633,2/3/2021,20210203,Turkey,EMEA,MEA,Phillips 66,1056,Energy,Strategic,ContactMatcher,NBDYT4AACE,12.144,3,0.2,4.0986
7764,EMEA-2021-103093,2/3/2021,20210203,Finland,EMEA,NOR,Apple,1008,Tech,SMB,SaaS Connector Pack - Gold,V4RMQRCOTA,74.52,9,0,35.0244
7826,EMEA-2021-127327,2/3/2021,20210203,United Kingdom,EMEA,UKIR,Allstate,1003,Finance,Strategic,FinanceHub,9YJFZUUQD9,90.882,1,0.1,15.147
1555,AMER-2021-111507,2/6/2021,20210206,Canada,AMER,NAMER,Tyson Foods,1088,Consumer Products,Strategic,ChatBot Plugin,OH120DG5ZQ,5.28,3,0,1.5312
4941,APJ-2021-156482,2/6/2021,20210206,Philippines,APJ,APAC,Allianz,1080,Finance,SMB,FinanceHub,8Y5NLWAI9U,1268.82,9,0,266.4522
4942,APJ-2021-156482,2/6/2021,20210206,Philippines,APJ,APAC,Allianz,1080,Finance,SMB,Marketing Suite,Z0NQRUYQ6V,283.92,4,0,82.3368
4943,APJ-2021-156482,2/6/2021,20210206,Philippines,APJ,APAC,Allianz,1080,Finance,SMB,ChatBot Plugin,EDAUQREDNM,5.68,2,0,1.7608
8126,APJ-2021-137064,2/6/2021,20210206,Japan,APJ,JAPN,Tyson Foods,1088,Consumer Products,SMB,ContactMatcher,HZVRJZOU5K,2.934,3,0.8,-4.9878
8127,APJ-2021-137064,2/6/2021,20210206,Japan,APJ,JAPN,Tyson Foods,1088,Consumer Products,SMB,Data Smasher,9H2GY158EG,18.528,2,0.2,4.4004
8128,APJ-2021-137064,2/6/2021,20210206,Japan,APJ,JAPN,Tyson Foods,1088,Consumer Products,SMB,Marketing Suite - Gold,CJZSFORIFX,670.752,3,0.2,-125.766
9084,EMEA-2021-104038,2/6/2021,20210206,Spain,EMEA,EU-WEST,Itochu,1032,Finance,Strategic,Marketing Suite - Gold,FJRONVAVR8,146.73,3,0,2.9346
9085,EMEA-2021-104038,2/6/2021,20210206,Spain,EMEA,EU-WEST,Itochu,1032,Finance,Strategic,Support,BSZZ07O26B,29.9,5,0,13.455
6390,EMEA-2021-147529,2/7/2021,20210207,Spain,EMEA,EU-WEST,Procter & Gamble,1077,Consumer Products,Strategic,SaaS Connector Pack - Gold,B7FJJ53WNG,311.15,5,0,146.2405
6391,EMEA-2021-147529,2/7/2021,20210207,Spain,EMEA,EU-WEST,Procter & Gamble,1077,Consumer Products,Strategic,Support,TNN6P764FR,12.96,2,0,6.3504
763,AMER-2021-114923,2/8/2021,20210208,Mexico,AMER,LATAM,Citigroup,1020,Finance,SMB,Site Analytics,6DM33CYPEB,107.982,3,0.4,-26.9955
7612,APJ-2021-130491,2/8/2021,20210208,Indonesia,APJ,APAC,BNP Paribas,1065,Finance,SMB,Support,A0KSZKH2FH,9.54,2,0,4.293
7613,APJ-2021-130491,2/8/2021,20210208,Indonesia,APJ,APAC,BNP Paribas,1065,Finance,SMB,Storage,4R0XSTNAFT,5.81,1,0,1.8011
7614,APJ-2021-130491,2/8/2021,20210208,Indonesia,APJ,APAC,BNP Paribas,1065,Finance,SMB,ChatBot Plugin,J0ZBCP43WR,5.76,2,0,1.728
212,APJ-2021-101007,2/9/2021,20210209,Japan,APJ,JAPN,Toyota Motor,1087,Manufacturing,Strategic,Data Smasher,0EAXVHIBR6,20.8,2,0.2,6.5
1843,APJ-2021-135391,2/9/2021,20210209,Japan,APJ,JAPN,United Parcel Service,1090,Transportation,Strategic,FinanceHub,KEAL5L7RH4,40.096,4,0.2,13.5324
1844,APJ-2021-135391,2/9/2021,20210209,Japan,APJ,JAPN,United Parcel Service,1090,Transportation,Strategic,SaaS Connector Pack,1VEW0XH2AV,40.784,2,0.6,-30.588
3273,AMER-2021-146038,2/9/2021,20210209,United States,AMER,NAMER,Aetna,1002,Healthcare,SMB,FinanceHub,BOSK6Z0F2H,203.92,5,0.2,22.941
7095,APJ-2021-153374,2/9/2021,20210209,Australia,APJ,ANZ,BMW,1039,Manufacturing,SMB,Data Smasher,ZD4GBQAJQC,479.952,6,0.2,89.991
7298,EMEA-2021-101126,2/10/2021,20210210,France,EMEA,EU-WEST,Allianz,1080,Finance,Strategic,Marketing Suite - Gold,5EBCWZ50VX,77.24,5,0.2,7.724
4322,AMER-2021-147662,2/14/2021,20210214,Mexico,AMER,LATAM,Morgan Stanley,1068,Finance,SMB,ContactMatcher,EQZ1SH145K,14.952,2,0.7,-11.9616
4323,AMER-2021-147662,2/14/2021,20210214,Mexico,AMER,LATAM,Morgan Stanley,1068,Finance,SMB,Site Analytics,ON3S1L6J5B,323.982,3,0.4,-80.9955
4324,AMER-2021-147662,2/14/2021,20210214,Mexico,AMER,LATAM,Morgan Stanley,1068,Finance,SMB,ContactMatcher,78UTHX4U1X,2.286,2,0.7,-1.6764
4325,AMER-2021-147662,2/14/2021,20210214,Mexico,AMER,LATAM,Morgan Stanley,1068,Finance,SMB,ChatBot Plugin,1IW70BJTJ1,14.352,3,0.2,0.897
4326,AMER-2021-147662,2/14/2021,20210214,Mexico,AMER,LATAM,Morgan Stanley,1068,Finance,SMB,Data Smasher,5NDUDS4BEQ,71.976,3,0.2,0.8997
7685,EMEA-2021-116876,2/14/2021,20210214,United Kingdom,EMEA,UKIR,J.P. Morgan Chase & Co.,1054,Finance,SMB,ContactMatcher,33DLXP94K8,26.424,9,0.2,9.5787
7686,EMEA-2021-116876,2/14/2021,20210214,United Kingdom,EMEA,UKIR,J.P. Morgan Chase & Co.,1054,Finance,SMB,Site Analytics,H0T6S3JVFO,625.99,1,0,187.797
1788,EMEA-2021-154326,2/15/2021,20210215,Italy,EMEA,EU,Sony,1028,Tech,Strategic,Site Analytics,4A1FDJAJ69,134.97,3,0,64.7856
1789,EMEA-2021-154326,2/15/2021,20210215,Italy,EMEA,EU,Sony,1028,Tech,Strategic,Site Analytics,IAJQUU7XJZ,699.98,2,0,195.9944
1790,EMEA-2021-154326,2/15/2021,20210215,Italy,EMEA,EU,Sony,1028,Tech,Strategic,Data Smasher,IPIPUPTM1F,139.95,5,0,26.5905
2248,AMER-2021-116092,2/15/2021,20210215,United States,AMER,NAMER,Bosch,1076,Tech,SMB,Support,WRF2K8DBJ5,13.36,2,0,6.4128
2249,AMER-2021-116092,2/15/2021,20210215,United States,AMER,NAMER,Bosch,1076,Tech,SMB,ContactMatcher,T4M65EH8WB,41.72,5,0.2,13.0375
2250,AMER-2021-116092,2/15/2021,20210215,United States,AMER,NAMER,Bosch,1076,Tech,SMB,ContactMatcher,16UCX61YKT,11.52,5,0.2,4.176
2251,AMER-2021-116092,2/15/2021,20210215,United States,AMER,NAMER,Bosch,1076,Tech,SMB,OneView,678Q6FHE7Y,541.44,6,0,157.0176
2252,AMER-2021-116092,2/15/2021,20210215,United States,AMER,NAMER,Bosch,1076,Tech,SMB,Support,24WKKD06KV,19.44,3,0,9.3312
6744,EMEA-2021-156923,2/16/2021,20210216,Greece,EMEA,EU-EAST,AT&T,1010,Communications,Strategic,Support,9MCOPUHVQ5,35.88,6,0,16.146
8135,AMER-2021-121776,2/16/2021,20210216,United States,AMER,NAMER,Cigna,1038,Healthcare,SMB,Support,FWJJ2098YG,36.84,3,0,17.3148
8136,AMER-2021-121776,2/16/2021,20210216,United States,AMER,NAMER,Cigna,1038,Healthcare,SMB,FinanceHub,SGRXUL6885,87.71,7,0,41.2237
4217,AMER-2021-111234,2/18/2021,20210218,United States,AMER,NAMER,Petrobras,1018,Energy,Strategic,FinanceHub,IHYQIW1MZE,9.24,3,0,4.4352
4739,AMER-2021-105725,2/18/2021,20210218,United States,AMER,NAMER,Microsoft,1066,Tech,SMB,FinanceHub,KH4EJP4GK9,61.06,2,0,28.0876
4740,AMER-2021-105725,2/18/2021,20210218,United States,AMER,NAMER,Microsoft,1066,Tech,SMB,ContactMatcher,VW0FNKK0TV,35.544,1,0.2,-0.8886
2642,EMEA-2021-169740,2/20/2021,20210220,United Arab Emirates,EMEA,MEA,ConocoPhillips,1024,Energy,SMB,Data Smasher,7OLXYFE83P,29.99,1,0,2.999
3463,AMER-2021-152611,2/20/2021,20210220,Argentina,AMER,LATAM,Allstate,1003,Finance,SMB,ChatBot Plugin,5I33HEMISX,286.79,7,0,74.5654
2735,APJ-2021-129770,2/21/2021,20210221,New Zealand,APJ,ANZ,AmerisourceBergen,1007,Healthcare,SMB,Support,2FSG2WKCPI,49.12,4,0,23.0864
7281,APJ-2021-162782,2/21/2021,20210221,China,APJ,APAC,Siemens,1043,Manufacturing,SMB,ContactMatcher,GJNYI10X0Z,2541.98,2,0,1270.99
3972,AMER-2021-132374,2/22/2021,20210222,Brazil,AMER,LATAM,Costco Wholesale,1025,Retail,Enterprise,ChatBot Plugin,50JFPOL4V5,79.36,4,0,20.6336
8774,EMEA-2021-132276,2/23/2021,20210223,United Kingdom,EMEA,UKIR,Citigroup,1020,Finance,Enterprise,OneView,VYMTDFKIXL,26.88,6,0,6.72
8775,EMEA-2021-132276,2/23/2021,20210223,United Kingdom,EMEA,UKIR,Citigroup,1020,Finance,Enterprise,ContactMatcher,YW932SVJKX,10.896,2,0.2,3.8136
5769,APJ-2021-154900,2/25/2021,20210225,South Korea,APJ,APAC,Comcast,1022,Communications,SMB,FinanceHub,1V8W374EU9,3.15,1,0,1.512
5770,APJ-2021-154900,2/25/2021,20210225,South Korea,APJ,APAC,Comcast,1022,Communications,SMB,Support,DA8VXIGW2R,22.72,4,0,10.224
3792,EMEA-2021-111325,2/27/2021,20210227,France,EMEA,EU-WEST,Philip Morris International,1075,Consumer Products,Strategic,ContactMatcher,LJ5ZLJCCXJ,4.419,3,0.7,-3.3879
3793,EMEA-2021-111325,2/27/2021,20210227,France,EMEA,EU-WEST,Philip Morris International,1075,Consumer Products,Strategic,ChatBot Plugin,R0J18K04K9,16.032,6,0.2,2.2044
4540,EMEA-2021-104129,2/27/2021,20210227,Norway,EMEA,NOR,Samsung Electronics,1015,Tech,Strategic,Site Analytics,1WXLF11EBN,105.98,2,0,1.0598
4541,EMEA-2021-104129,2/27/2021,20210227,Norway,EMEA,NOR,Samsung Electronics,1015,Tech,Strategic,ContactMatcher,A9PJYZKC0O,493.92,7,0.3,-28.224
7463,AMER-2021-138485,2/27/2021,20210227,Canada,AMER,NAMER,Daimler,1052,Transportation,SMB,Data Smasher,2INQJK5KKU,538.92,9,0,80.838
229,EMEA-2021-145436,2/28/2021,20210228,South Africa,EMEA,MEA,United Parcel Service,1090,Transportation,SMB,FinanceHub,GYUSGDVAEB,161.568,2,0.2,-28.2744
230,EMEA-2021-145436,2/28/2021,20210228,South Africa,EMEA,MEA,United Parcel Service,1090,Transportation,SMB,FinanceHub,NRQQF2MR32,389.696,8,0.2,43.8408
3454,EMEA-2021-153325,3/1/2021,20210301,Finland,EMEA,NOR,UnitedHealth Group,1092,Healthcare,SMB,ContactMatcher,WGAGZTYF0B,58.72,4,0,27.0112
8502,AMER-2021-102316,3/1/2021,20210301,United States,AMER,NAMER,Nestle,1089,Consumer Products,Strategic,Site Analytics,6GP6KMVMOV,15.984,2,0.2,1.1988
8503,AMER-2021-102316,3/1/2021,20210301,United States,AMER,NAMER,Nestle,1089,Consumer Products,Strategic,FinanceHub,B49G1PRQCT,184.752,3,0.2,-20.7846
8704,EMEA-2021-133494,3/1/2021,20210301,France,EMEA,EU-WEST,Tyson Foods,1088,Consumer Products,SMB,OneView,L58Y9ECGUX,3.552,2,0.2,0.444
8781,APJ-2021-133585,3/1/2021,20210301,Japan,APJ,JAPN,Huawei,1086,Tech,Strategic,ChatBot Plugin,CL69S93X0H,55.328,2,0.2,6.2244
8782,APJ-2021-133585,3/1/2021,20210301,Japan,APJ,JAPN,Huawei,1086,Tech,Strategic,Marketing Suite,JEV26LMD3A,1227.9984,6,0.32,-36.1176
9445,APJ-2021-104052,3/1/2021,20210301,Japan,APJ,JAPN,PepsiCo,1073,Consumer Products,Strategic,Site Analytics,4W5EQ4F5GY,95.84,4,0.2,34.742
118,AMER-2021-110457,3/2/2021,20210302,Canada,AMER,NAMER,Trafigura Group,1100,Finance,SMB,ContactMatcher,EHVU0FM6IP,787.53,3,0,165.3813
1128,APJ-2021-105970,3/2/2021,20210302,India,APJ,IND,Nissan Motor,1098,Transportation,Enterprise,ChatBot Plugin,QY4TY6YYHS,10.16,1,0,2.6416
1129,APJ-2021-105970,3/2/2021,20210302,India,APJ,IND,Nissan Motor,1098,Transportation,Enterprise,SaaS Connector Pack - Gold,KQST7O94XL,101.88,6,0,50.94
1881,EMEA-2021-109512,3/5/2021,20210305,United Kingdom,EMEA,UKIR,Bosch,1076,Tech,SMB,SaaS Connector Pack - Gold,MUEI6KPA8U,29.34,3,0,14.67
1882,EMEA-2021-109512,3/5/2021,20210305,United Kingdom,EMEA,UKIR,Bosch,1076,Tech,SMB,FinanceHub,TNOXGUO352,383.607,7,0.1,63.9345
1883,EMEA-2021-109512,3/5/2021,20210305,United Kingdom,EMEA,UKIR,Bosch,1076,Tech,SMB,Marketing Suite - Gold,NQ7466T44Y,563.4,4,0,67.608
2284,APJ-2021-153108,3/5/2021,20210305,India,APJ,IND,Morgan Stanley,1068,Finance,SMB,Site Analytics,UTXBTRUGOT,23.92,2,0,6.6976
2285,APJ-2021-153108,3/5/2021,20210305,India,APJ,IND,Morgan Stanley,1068,Finance,SMB,OneView,880VFVZVGK,60.69,7,0,16.3863
5087,EMEA-2021-109001,3/5/2021,20210305,France,EMEA,EU-WEST,J.P. Morgan Chase & Co.,1054,Finance,Strategic,Site Analytics,HVPUOVM2LF,466.158,7,0.4,-93.2316
5088,EMEA-2021-109001,3/5/2021,20210305,France,EMEA,EU-WEST,J.P. Morgan Chase & Co.,1054,Finance,Strategic,Data Smasher,O3CHCG00PJ,10.312,1,0.2,-1.289
5089,EMEA-2021-109001,3/5/2021,20210305,France,EMEA,EU-WEST,J.P. Morgan Chase & Co.,1054,Finance,Strategic,ContactMatcher,RIGLUKB73G,2.556,3,0.7,-1.7892
5255,EMEA-2021-125185,3/5/2021,20210305,France,EMEA,EU-WEST,Verizon Communications,1094,Communications,Strategic,FinanceHub,QS6G48M4M7,99.372,2,0.3,-7.098
5256,EMEA-2021-125185,3/5/2021,20210305,France,EMEA,EU-WEST,Verizon Communications,1094,Communications,Strategic,SaaS Connector Pack,SEP9SW5WDZ,33.568,2,0.2,-5.4548
5329,APJ-2021-120320,3/5/2021,20210305,Japan,APJ,JAPN,Boeing,1014,Manufacturing,SMB,Site Analytics,QRL2U822EG,31.92,2,0.2,2.394
6446,APJ-2021-151785,3/5/2021,20210305,Australia,APJ,ANZ,Costco Wholesale,1025,Retail,SMB,Storage,DEK3CME228,7.104,6,0.2,2.4864
8250,APJ-2021-140221,3/5/2021,20210305,Australia,APJ,ANZ,Tyson Foods,1088,Consumer Products,SMB,ContactMatcher,9NZANLN1Q7,11.212,2,0.8,-16.818
8251,APJ-2021-140221,3/5/2021,20210305,Australia,APJ,ANZ,Tyson Foods,1088,Consumer Products,SMB,SaaS Connector Pack,KLRLVS3Y6F,4.712,2,0.6,-1.8848
8252,APJ-2021-140221,3/5/2021,20210305,Australia,APJ,ANZ,Tyson Foods,1088,Consumer Products,SMB,OneView,GO45JVCW6J,180.98,5,0.8,-470.548
8253,APJ-2021-140221,3/5/2021,20210305,Australia,APJ,ANZ,Tyson Foods,1088,Consumer Products,SMB,Marketing Suite - Gold,AU8YDWNM3A,60.416,2,0.2,6.0416
2273,AMER-2021-142944,3/6/2021,20210306,United States,AMER,NAMER,AmerisourceBergen,1007,Healthcare,SMB,SaaS Connector Pack,AWELYO4PZE,435.26,7,0,95.7572
2274,AMER-2021-142944,3/6/2021,20210306,United States,AMER,NAMER,AmerisourceBergen,1007,Healthcare,SMB,Alchemy,QYYM9KJDZX,1119.984,2,0.2,377.9946
6343,APJ-2021-146255,3/7/2021,20210307,Philippines,APJ,APAC,Home Depot,1047,Retail,Enterprise,Data Smasher,KU1Z2ZPFDJ,119.85,3,0,52.734
6344,APJ-2021-146255,3/7/2021,20210307,Philippines,APJ,APAC,Home Depot,1047,Retail,Enterprise,ContactMatcher,IOVU5FH0FU,30.44,2,0,14.9156
6345,APJ-2021-146255,3/7/2021,20210307,Philippines,APJ,APAC,Home Depot,1047,Retail,Enterprise,ContactMatcher,8LM99SR8J4,69.28,2,0,33.2544
6346,APJ-2021-146255,3/7/2021,20210307,Philippines,APJ,APAC,Home Depot,1047,Retail,Enterprise,Site Analytics,JJRUX2WOTE,587.97,3,0,170.5113
3995,EMEA-2021-105627,3/8/2021,20210308,Italy,EMEA,EU,State Farm Insurance Cos.,1082,Finance,SMB,Marketing Suite,6N4864XMSZ,512.94,3,0,97.4586
3996,EMEA-2021-105627,3/8/2021,20210308,Italy,EMEA,EU,State Farm Insurance Cos.,1082,Finance,SMB,FinanceHub,UKZWW8EMLA,860.93,7,0,189.4046
3997,EMEA-2021-105627,3/8/2021,20210308,Italy,EMEA,EU,State Farm Insurance Cos.,1082,Finance,SMB,Site Analytics,UXWVL7MV5T,769.95,5,0,223.2855
3998,EMEA-2021-105627,3/8/2021,20210308,Italy,EMEA,EU,State Farm Insurance Cos.,1082,Finance,SMB,ChatBot Plugin,ZLXX4LWGD1,14.98,1,0,4.494
3999,EMEA-2021-105627,3/8/2021,20210308,Italy,EMEA,EU,State Farm Insurance Cos.,1082,Finance,SMB,SaaS Connector Pack,VP308V3FMM,373.08,6,0,82.0776
4167,EMEA-2021-160213,3/8/2021,20210308,United Kingdom,EMEA,UKIR,Valero Energy,1093,Energy,Strategic,Support,BKXDN65JAS,19.44,3,0,9.3312
5174,EMEA-2021-107741,3/8/2021,20210308,Russia,EMEA,EU-EAST,Fannie Mae,1035,Finance,Strategic,ChatBot Plugin,1DUAIT17GF,3.408,1,0.2,0.8946
7782,APJ-2021-132136,3/8/2021,20210308,Australia,APJ,ANZ,Apple,1008,Tech,SMB,ContactMatcher,RWF6OSYW40,8.568,3,0.8,-14.5656
4767,APJ-2021-123155,3/9/2021,20210309,Japan,APJ,JAPN,Chevron,1017,Energy,Strategic,Data Smasher,8LZLWDSJ6W,113.52,5,0.2,29.799
4768,APJ-2021-123155,3/9/2021,20210309,Japan,APJ,JAPN,Chevron,1017,Energy,Strategic,Site Analytics,G222KSP63Q,359.88,3,0.2,22.4925
7370,EMEA-2021-110345,3/9/2021,20210309,Sweden,EMEA,NOR,Humana,1049,Healthcare,SMB,FinanceHub,9WJZCE87PT,4.608,2,0.2,1.6704
988,APJ-2021-146829,3/10/2021,20210310,Japan,APJ,JAPN,Pemex,1058,Energy,SMB,ContactMatcher,GPCDE54LS9,1.112,2,0.8,-1.8904
6610,APJ-2021-118906,3/10/2021,20210310,China,APJ,APAC,Carrefour,1048,Retail,Strategic,Marketing Suite - Gold,9FZLA0B0AI,89.82,6,0,25.1496
3658,EMEA-2021-128083,3/12/2021,20210312,Germany,EMEA,EU-WEST,Sprint Nextel,1081,Communications,Strategic,SaaS Connector Pack - Gold,LYF8NNC85O,8.688,3,0.2,2.9322
3659,EMEA-2021-128083,3/12/2021,20210312,Germany,EMEA,EU-WEST,Sprint Nextel,1081,Communications,Strategic,SaaS Connector Pack,ATK6OJJDQM,30.88,4,0.2,3.86
3660,EMEA-2021-128083,3/12/2021,20210312,Germany,EMEA,EU-WEST,Sprint Nextel,1081,Communications,Strategic,SaaS Connector Pack,0E3ITTYDTT,6.408,3,0.2,1.4418
7878,EMEA-2021-148705,3/12/2021,20210312,Sweden,EMEA,NOR,Sony,1028,Tech,SMB,FinanceHub,O2HFASS95V,5.04,2,0.2,1.764
2026,AMER-2021-114237,3/13/2021,20210313,Canada,AMER,NAMER,Safeway,1079,Retail,SMB,Marketing Suite,H852NX0WZI,141.96,2,0,39.7488
6290,AMER-2021-139675,3/13/2021,20210313,United States,AMER,NAMER,Samsung Electronics,1015,Tech,Enterprise,FinanceHub,OGBJNV6QCB,915.136,4,0.2,102.9528
6291,AMER-2021-139675,3/13/2021,20210313,United States,AMER,NAMER,Samsung Electronics,1015,Tech,Enterprise,SaaS Connector Pack,G2IZ3DWHGU,327.76,8,0,91.7728
4163,EMEA-2021-163587,3/14/2021,20210314,Greece,EMEA,EU-EAST,Prudential Financial,1078,Finance,SMB,FinanceHub,MLZS8A0HK4,16.52,4,0,7.5992
4164,EMEA-2021-163587,3/14/2021,20210314,Greece,EMEA,EU-EAST,Prudential Financial,1078,Finance,SMB,ContactMatcher,WC1L35VRY5,671.94,3,0,315.8118
9212,AMER-2021-167479,3/14/2021,20210314,United States,AMER,NAMER,FedEx,1036,Transportation,SMB,Support,Y1J474LG44,19.44,3,0,9.3312
4936,EMEA-2021-155124,3/15/2021,20210315,Turkey,EMEA,MEA,Sprint Nextel,1081,Communications,Strategic,Site Analytics,3WJ2799V20,16.776,3,0.2,1.6776
507,EMEA-2021-145352,3/16/2021,20210316,Finland,EMEA,NOR,Lukoil,1044,Energy,SMB,ChatBot Plugin,2N5HOJTXVK,2.74,1,0,0.7398
508,EMEA-2021-145352,3/16/2021,20210316,Finland,EMEA,NOR,Lukoil,1044,Energy,SMB,ChatBot Plugin,K5Z5MT1GZK,8.34,3,0,2.1684
509,EMEA-2021-145352,3/16/2021,20210316,Finland,EMEA,NOR,Lukoil,1044,Energy,SMB,Marketing Suite - Gold,ZBX0BE324Q,46.74,3,0,11.685
510,EMEA-2021-145352,3/16/2021,20210316,Finland,EMEA,NOR,Lukoil,1044,Energy,SMB,ContactMatcher,B8THW7YZWV,6354.95,5,0,3177.475
1559,AMER-2021-112116,3/16/2021,20210316,Canada,AMER,NAMER,Nestle,1089,Consumer Products,SMB,ContactMatcher,9T4KNSX54E,171.96,2,0,44.7096
4795,AMER-2021-144722,3/16/2021,20210316,United States,AMER,NAMER,Fannie Mae,1035,Finance,Strategic,SaaS Connector Pack,WQZX24B7WP,43.13,1,0,18.1146
4954,EMEA-2021-153906,3/16/2021,20210316,United Kingdom,EMEA,UKIR,Toyota Motor,1087,Manufacturing,Strategic,Site Analytics,PW4Z4MZ8D1,85.9,2,0,2.577
6923,EMEA-2021-134257,3/16/2021,20210316,Portugal,EMEA,EU-WEST,Marathon Petroleum,1061,Energy,SMB,FinanceHub,FJ0S58E5TP,491.55,5,0,240.8595
6924,EMEA-2021-134257,3/16/2021,20210316,Portugal,EMEA,EU-WEST,Marathon Petroleum,1061,Energy,SMB,SaaS Connector Pack - Gold,2W7D898P24,7.38,2,0,3.3948
7728,EMEA-2021-150231,3/16/2021,20210316,United Kingdom,EMEA,UKIR,Microsoft,1066,Tech,Enterprise,ChatBot Plugin,JASO0W5INF,17.52,3,0,6.3072
2564,EMEA-2021-110632,3/17/2021,20210317,United Kingdom,EMEA,UKIR,ConocoPhillips,1024,Energy,Strategic,Data Smasher,4RWFC4448G,15.02,1,0,2.7036
2565,EMEA-2021-110632,3/17/2021,20210317,United Kingdom,EMEA,UKIR,ConocoPhillips,1024,Energy,Strategic,Marketing Suite - Gold,78K9IY1BTI,33.82,2,0,9.1314
1566,AMER-2021-132101,3/19/2021,20210319,Canada,AMER,NAMER,Siemens,1043,Manufacturing,Enterprise,Site Analytics,AMIU37C1RG,453.576,3,0.2,39.6879
1644,AMER-2021-111829,3/19/2021,20210319,Canada,AMER,NAMER,Humana,1049,Healthcare,Strategic,Marketing Suite - Gold,R1NRSHVFQJ,1247.64,3,0,349.3392
1645,AMER-2021-111829,3/19/2021,20210319,Canada,AMER,NAMER,Humana,1049,Healthcare,Strategic,Alchemy,R57TDUMZLJ,3149.93,7,0,1480.4671
1646,AMER-2021-111829,3/19/2021,20210319,Canada,AMER,NAMER,Humana,1049,Healthcare,Strategic,Support,ZQY1DCQ1WF,209.7,2,0,100.656
2017,AMER-2021-113110,3/19/2021,20210319,United States,AMER,NAMER,Abbott Laboratories,1001,Healthcare,SMB,ContactMatcher,PRGMS3LWF9,17.568,2,0.2,6.3684
2018,AMER-2021-113110,3/19/2021,20210319,United States,AMER,NAMER,Abbott Laboratories,1001,Healthcare,SMB,FinanceHub,E7EWXSXD4J,14.62,2,0,6.8714
2019,AMER-2021-113110,3/19/2021,20210319,United States,AMER,NAMER,Abbott Laboratories,1001,Healthcare,SMB,Support,IBM0YECEXX,33.36,4,0,8.6736
2020,AMER-2021-113110,3/19/2021,20210319,United States,AMER,NAMER,Abbott Laboratories,1001,Healthcare,SMB,Support,NRAIT53A2T,40.14,6,0,19.6686
3576,EMEA-2021-143532,3/19/2021,20210319,Germany,EMEA,EU-WEST,Sprint Nextel,1081,Communications,SMB,Support,0RTR4FZXCE,14.496,3,0.2,4.8924
4535,AMER-2021-163104,3/19/2021,20210319,United States,AMER,NAMER,Royal Dutch Shell,1031,Energy,Strategic,Support,X1WR9CDNX0,11.96,2,0,5.8604
5588,AMER-2021-149993,3/19/2021,20210319,United States,AMER,NAMER,General Electric,1040,Finance,SMB,Storage,S934VB9S2F,10.9,5,0,3.597
9962,APJ-2021-168088,3/19/2021,20210319,Japan,APJ,JAPN,News Corp.,1071,Misc,Enterprise,Support,LZWZR98NZY,65.584,2,0.2,23.7742
9963,APJ-2021-168088,3/19/2021,20210319,Japan,APJ,JAPN,News Corp.,1071,Misc,Enterprise,Marketing Suite,X3DQP9NR9A,383.4656,4,0.32,-67.6704
816,EMEA-2021-106565,3/20/2021,20210320,Italy,EMEA,EU,China National Petroleum,1023,Energy,Strategic,Support,1WJ6ZJQ0XH,51.84,8,0,24.8832
4958,APJ-2021-127607,3/20/2021,20210320,Japan,APJ,JAPN,Lowes,1060,Retail,SMB,ContactMatcher,3XSPEAPFJ3,2.512,2,0.8,-4.396
4959,APJ-2021-127607,3/20/2021,20210320,Japan,APJ,JAPN,Lowes,1060,Retail,SMB,Storage,Z6ANFA3FU7,18.864,9,0.2,6.1308
8780,EMEA-2021-165813,3/20/2021,20210320,Belgium,EMEA,EU-WEST,Daimler,1052,Transportation,SMB,Marketing Suite - Gold,VTXYQ0AK9Z,29.304,3,0.2,2.5641
9924,EMEA-2021-159534,3/20/2021,20210320,United Kingdom,EMEA,UKIR,Nestle,1089,Consumer Products,Strategic,ContactMatcher,GYZ5JD6TDD,49.848,3,0.2,16.8237
9925,EMEA-2021-159534,3/20/2021,20210320,United Kingdom,EMEA,UKIR,Nestle,1089,Consumer Products,Strategic,SaaS Connector Pack - Gold,84KKS74E0D,23.99,1,0,11.995
9926,EMEA-2021-159534,3/20/2021,20210320,United Kingdom,EMEA,UKIR,Nestle,1089,Consumer Products,Strategic,ContactMatcher,G8UV3TTD85,1087.936,8,0.2,353.5792
9927,EMEA-2021-159534,3/20/2021,20210320,United Kingdom,EMEA,UKIR,Nestle,1089,Consumer Products,Strategic,Site Analytics,MYEGHHPQBW,199.98,2,0,53.9946
9928,EMEA-2021-159534,3/20/2021,20210320,United Kingdom,EMEA,UKIR,Nestle,1089,Consumer Products,Strategic,Marketing Suite - Gold,7F3O6US3P7,83.92,4,0,20.1408
6487,EMEA-2021-120621,3/21/2021,20210321,Sweden,EMEA,NOR,Alphabet,1053,Tech,SMB,OneView,BSV2FH7BVM,962.08,4,0.2,156.338
6488,EMEA-2021-120621,3/21/2021,20210321,Sweden,EMEA,NOR,Alphabet,1053,Tech,SMB,ContactMatcher,UWJ1EGXNKR,12.843,3,0.7,-9.8463
6489,EMEA-2021-120621,3/21/2021,20210321,Sweden,EMEA,NOR,Alphabet,1053,Tech,SMB,Support,ZXU780FMIR,295.456,14,0.2,96.0232
520,APJ-2021-157812,3/22/2021,20210322,Japan,APJ,JAPN,Coca-Cola,1021,Consumer Products,SMB,Data Smasher,T7BJWXSTMC,18.392,1,0.2,5.2877
521,APJ-2021-157812,3/22/2021,20210322,Japan,APJ,JAPN,Coca-Cola,1021,Consumer Products,SMB,Marketing Suite - Gold,6IKVTBOJP6,129.568,2,0.2,-25.9136
522,APJ-2021-157812,3/22/2021,20210322,Japan,APJ,JAPN,Coca-Cola,1021,Consumer Products,SMB,ContactMatcher,J8GVKSNWKK,14.112,9,0.8,-21.168
5803,AMER-2021-163440,3/22/2021,20210322,United States,AMER,NAMER,Mondelez International,1067,Consumer Products,SMB,Site Analytics,W0ZWO1YCKH,15.984,2,0.2,1.1988
5811,AMER-2021-163279,3/22/2021,20210322,United States,AMER,NAMER,Bank of America Corp.,1011,Finance,Strategic,Support,FKFSGAHBRM,105.52,4,0,48.5392
5812,AMER-2021-163279,3/22/2021,20210322,United States,AMER,NAMER,Bank of America Corp.,1011,Finance,Strategic,SaaS Connector Pack,69U4A14JGP,91.96,2,0,15.6332
5813,AMER-2021-163279,3/22/2021,20210322,United States,AMER,NAMER,Bank of America Corp.,1011,Finance,Strategic,Site Analytics,JTGL4PJ5EQ,1487.976,3,0.2,185.997
7654,EMEA-2021-121552,3/22/2021,20210322,Portugal,EMEA,EU-WEST,Kroger,1057,Retail,Strategic,ChatBot Plugin,6CKCDWDUAL,19.56,4,0,5.4768
8556,EMEA-2021-117884,3/22/2021,20210322,Germany,EMEA,EU-WEST,Verizon Communications,1094,Communications,SMB,Data Smasher,HNAHE4E019,447.944,7,0.2,89.5888
8557,EMEA-2021-117884,3/22/2021,20210322,Germany,EMEA,EU-WEST,Verizon Communications,1094,Communications,SMB,Marketing Suite - Gold,PIMD6BWOYD,150.408,9,0.2,-33.8418
1061,APJ-2021-125374,3/23/2021,20210323,Japan,APJ,JAPN,Cisco Systems,1019,Tech,SMB,FinanceHub,2AVQUZYRWN,107.772,2,0.3,-29.2524
4556,AMER-2021-130218,3/23/2021,20210323,Colombia,AMER,LATAM,Home Depot,1047,Retail,SMB,Storage,F5LC9TUHX1,31.56,4,0,14.202
4557,AMER-2021-130218,3/23/2021,20210323,Colombia,AMER,LATAM,Home Depot,1047,Retail,SMB,Marketing Suite - Gold,E8EEY9P7NN,27.92,4,0,0.5584
7967,AMER-2021-138219,3/23/2021,20210323,United States,AMER,NAMER,Mitsubishi,1050,Manufacturing,Strategic,Support,2E18PW5GLZ,33.36,4,0,16.68
8880,AMER-2021-107944,3/23/2021,20210323,United States,AMER,NAMER,Carrefour,1048,Retail,Strategic,Support,DI1INAMAJA,192.72,11,0,92.5056
8881,AMER-2021-107944,3/23/2021,20210323,United States,AMER,NAMER,Carrefour,1048,Retail,Strategic,Data Smasher,ZA74VCFFK2,239.97,3,0,86.3892
1595,APJ-2021-118423,3/24/2021,20210324,Australia,APJ,ANZ,Apple,1008,Tech,Enterprise,Marketing Suite,F5JI9VWI0B,359.058,3,0.3,-35.9058
2558,EMEA-2021-112508,3/24/2021,20210324,Germany,EMEA,EU-WEST,Allianz,1080,Finance,Strategic,OneView,LFMJCTY59M,6.992,2,0.2,0.5244
7439,AMER-2021-145457,3/24/2021,20210324,Canada,AMER,NAMER,BMW,1039,Manufacturing,Strategic,SaaS Connector Pack,WSG3R09Z7V,46.9,5,0,13.132
1531,EMEA-2021-103793,3/26/2021,20210326,Germany,EMEA,EU-WEST,Aviva,1006,Finance,Strategic,Support,0J2QXY7B44,74.352,3,0.2,23.235
5104,EMEA-2021-167374,3/26/2021,20210326,France,EMEA,EU-WEST,Oracle,1072,Tech,SMB,Support,R8B3J2CZ8H,40.032,6,0.2,12.51
5105,EMEA-2021-167374,3/26/2021,20210326,France,EMEA,EU-WEST,Oracle,1072,Tech,SMB,Data Smasher,DXITGVK39Q,16.776,3,0.2,5.0328
9858,AMER-2021-164301,3/26/2021,20210326,Canada,AMER,NAMER,Siemens,1043,Manufacturing,Strategic,ContactMatcher,BDVMP1KIT9,3393.68,8,0,610.8624
9867,EMEA-2021-116981,3/26/2021,20210326,United Kingdom,EMEA,UKIR,Sony,1028,Tech,Strategic,Marketing Suite - Gold,YDBAWYO9J6,1085.42,7,0,282.2092
9868,EMEA-2021-116981,3/26/2021,20210326,United Kingdom,EMEA,UKIR,Sony,1028,Tech,Strategic,OneView,45CBA2JS9O,13.11,3,0,3.4086
5839,AMER-2021-132948,3/27/2021,20210327,Canada,AMER,NAMER,Engie,1062,Energy,SMB,Marketing Suite - Gold,97R291UNQJ,83.7,5,0,3.348
693,AMER-2021-131534,3/28/2021,20210328,United States,AMER,NAMER,Intel,1051,Tech,SMB,Data Smasher,AGR5537K6C,166.24,1,0,24.936
694,AMER-2021-131534,3/28/2021,20210328,United States,AMER,NAMER,Intel,1051,Tech,SMB,Support,O5A484OD82,33.4,5,0,16.032
2199,EMEA-2021-135363,3/28/2021,20210328,France,EMEA,EU-WEST,Banco Santander,1101,Finance,SMB,Support,JJ16G70ZB4,15.552,3,0.2,5.4432
2200,EMEA-2021-135363,3/28/2021,20210328,France,EMEA,EU-WEST,Banco Santander,1101,Finance,SMB,Support,Z8FUR9XZXM,5.232,1,0.2,1.7004
6259,EMEA-2021-133536,3/28/2021,20210328,United Kingdom,EMEA,UKIR,Mondelez International,1067,Consumer Products,SMB,SaaS Connector Pack - Gold,MS8BTE6EID,22.92,3,0,11.2308
991,EMEA-2021-153549,3/29/2021,20210329,Germany,EMEA,EU-WEST,Ford Motor,1009,Manufacturing,Enterprise,FinanceHub,I8Q73CX84G,1166.92,5,0.2,131.2785
4130,AMER-2021-121272,3/29/2021,20210329,Canada,AMER,NAMER,Verizon Communications,1094,Communications,SMB,OneView,SPGRQEL8NQ,73.28,4,0,21.2512
4731,AMER-2021-103996,3/29/2021,20210329,United States,AMER,NAMER,AT&T,1010,Communications,SMB,Support,EO5S90GP58,212.64,6,0,99.9408
4732,AMER-2021-103996,3/29/2021,20210329,United States,AMER,NAMER,AT&T,1010,Communications,SMB,Support,6CJVRG9D76,9.87,3,0,4.5402
4733,AMER-2021-103996,3/29/2021,20210329,United States,AMER,NAMER,AT&T,1010,Communications,SMB,Data Smasher,V55KDVJ3S6,53.25,3,0,20.7675
4734,AMER-2021-103996,3/29/2021,20210329,United States,AMER,NAMER,AT&T,1010,Communications,SMB,SaaS Connector Pack,MMZ3W9MEBW,19.92,3,0,9.5616
5755,EMEA-2021-150749,3/29/2021,20210329,Spain,EMEA,EU-WEST,Ford Motor,1009,Manufacturing,SMB,ChatBot Plugin,RYFRW1ZH49,5.56,2,0,1.4456
6776,EMEA-2021-105361,3/29/2021,20210329,United Kingdom,EMEA,UKIR,Chevron,1017,Energy,SMB,Support,3AKNZ9OK2O,17.64,4,0,8.1144
6434,APJ-2021-121405,3/30/2021,20210330,Australia,APJ,ANZ,Fannie Mae,1035,Finance,Strategic,Support,DCDHWL1N67,23.52,5,0.2,8.526
6435,APJ-2021-121405,3/30/2021,20210330,Australia,APJ,ANZ,Fannie Mae,1035,Finance,Strategic,Site Analytics,TDBHYHC0Q5,180.96,5,0.2,13.572
7002,APJ-2021-104871,3/30/2021,20210330,Australia,APJ,ANZ,Glencore,1083,Misc,Enterprise,FinanceHub,66HGFNHKL7,366.744,4,0.3,-110.0232
5529,EMEA-2021-137106,3/31/2021,20210331,Germany,EMEA,EU-WEST,Marathon Petroleum,1061,Energy,Strategic,Site Analytics,MJS4UVWI97,79.96,5,0.2,27.986
6808,APJ-2021-128125,3/31/2021,20210331,Japan,APJ,JAPN,Verizon Communications,1094,Communications,Strategic,Support,1P5MVIOSG5,98.376,3,0.2,35.6613
6809,APJ-2021-128125,3/31/2021,20210331,Japan,APJ,JAPN,Verizon Communications,1094,Communications,Strategic,SaaS Connector Pack,M00GW9OZMR,22.38,3,0.6,-7.833